1880 3148
906 225 959 265 27

0 352 5 361 ¹
100 348 125 381 '¹
163 362 374 416 x„multos
390 365 542 405 castra
570 361 733 412 iuvant,
764 362 808 401 et
838 359 946 402 lituo
976 358 1106 402 tubae
1126 358 1361 414 permixtus
1381 358 1545 401 sonitus
1567 391 1576 401 .
1598 391 1608 401 .
1632 360 1677 401 .“

0 484 6 488 ,
186 423 281 481 ise.
312 435 440 479 tubae
480 435 645 477 sonitus
679 433 916 487 permixtus
958 447 1053 475 cum
1090 432 1196 474 lituo
1232 433 1318 475 sive
1357 446 1451 474 cum
1487 432 1584 474 litui
1614 447 1678 475 so-

15 495 28 506 *
80 510 84 513 ’
121 528 125 532 ’
186 502 292 551 nitu.
307 509 340 565 ¹)
387 509 629 551 Ablativum
649 505 874 549 confirmat
894 507 1023 548 etiam
1044 506 1217 548 verbum
1237 506 1532 560 pei-miscendi,
1564 506 1678 560 quod

186 587 231 626 et
258 586 411 640 poetae
442 587 484 625 et
513 596 665 638 prosae
697 582 900 624 orationis
943 582 1172 636 scriptores
1202 585 1278 623 aut
1309 594 1404 622 cum
1436 580 1676 622 accusativo

141 650 146 653 ’
187 661 231 699 et
258 658 445 700 ablativo
475 666 551 698 aut
578 670 672 697 cum
704 656 945 698 accusativo
977 660 1019 698 et
1047 656 1362 710 praepositione
1395 658 1546 707 „cum“
1580 668 1678 696 con-

184 731 427 774 iunxerunt.
440 730 474 787 ²³)

320 819 448 847 carm.
480 805 555 856 ΙΙΙ,
592 807 655 855 19,
692 807 739 844 11
764 817 849 857 sq.:
882 837 925 856 „.
950 837 958 845 .
983 837 992 847 .
1015 838 1025 848 .
1046 804 1183 845 tribus
1214 809 1289 845 aut
1319 817 1468 845 novem
1499 803 1677 844 miscen-

186 880 258 920 tur
288 878 452 933 cyathis
480 878 635 933 pocula
666 877 945 930 commodis“‚
977 878 1003 918 i.
1036 892 1072 920 e.
1103 878 1256 932 pocula
1282 878 1366 918 sive
1396 891 1529 931 aqua,
1566 890 1676 930 quae

142 959 144 962 ’
185 952 299 994 inest
350 953 394 994 in
434 952 615 1007 poculis,
668 951 888 994 'commode
948 952 1244 993 commiscetur
1290 965 1384 993 cum
1425 950 1564 992 tribus
1601 955 1677 992 aut

184 1039 333 1068 novem
365 1026 531 1080 cyathis
562 1026 661 1068 vini.
671 1025 706 1081 ³)

322 1099 467 1154 epod.:
500 1103 547 1149 9,
582 1103 605 1141 5
638 1114 721 1154 sq.:
768 1103 970 1152 „sonante
1001 1099 1180 1141 mixtum
1218 1098 1336 1141 tibiis
1366 1112 1538 1150 carmen
1568 1100 1673 1154 lyra,

123 1166 136 1218 ἶ
184 1173 265 1216 hac
295 1174 489 1226 Dorium,
534 1174 620 1215 illis
656 1173 981 1230 barbarum“,4)
1022 1175 1048 1215 i.
1093 1189 1127 1216 e.
1166 1177 1345 1216 sonante
1381 1174 1475 1228 lyra
1506 1187 1676 1214 carmen

185 1248 458 1289 commixtum
499 1248 586 1289 sive
631 1248 888 1302 permixtum
935 1262 1030 1289 cum
1061 1247 1262 1290 tibiarum
1294 1248 1546 1303 carmine‚5)
1590 1247 1676 1289 sive

124 1307 132 1311 “
185 1324 364 1363 sonante
396 1321 490 1375 lyra
516 1322 641 1363 simul
682 1336 775 1364 cum
816 1321 931 1364 tibiis
969 1336 1137 1364 carmen
1177 1322 1404 1376 quoddam,
1422 1322 1456 1377 6)
1486 1321 1566 1363 hac
1599 1320 1673 1378 (sc.

185 1393 382 1450 sonante)
410 1395 605 1447 Dorium,
637 1395 722 1436 illis
755 1395 830 1451 (sc.
859 1395 1126 1452 sonantibus)
1158 1396 1401 1439 barbarum.
1455 1395 1676 1448 Significat

131 1492 138 1495 «
183 1468 294 1509 enim
323 1470 452 1521 poeta
483 1469 778 1523 symphoniam
809 1469 1024 1523 quandam
1056 1484 1107 1511 ex
1136 1470 1252 1523 lyrae
1283 1474 1326 1511 et
1347 1468 1550 1510 tibiarum
1571 1468 1676 1510 dua-

174 1539 275 1590 ·rum
305 1541 440 1582 modis
471 1543 764 1596 compositam.
783 1544 814 1597 ⁷)
865 1543 1022 1584 Vocem
1054 1543 1222 1594 „tibiis“
1254 1546 1397 1583 autem
1428 1557 1510 1583 non
1543 1542 1675 1596 expli-

183 1614 271 1656 cari
300 1627 425 1668 posse
454 1616 536 1656 nisi
567 1615 801 1658 ablativum
826 1621 868 1658 et
888 1631 1037 1659 sensus
1054 1616 1302 1671 comprobat
1323 1620 1365 1658 et
1381 1616 1675 1658 demonstrant

180 1686 310 1730 verba
339 1702 449 1742 quae
481 1693 718 1742 sequuntur
749 1690 856 1742 „hac
884 1691 1072 1742 Dorium,
1105 1691 1189 1732 illis
1215 1690 1486 1743 barbarum“‚
1518 1691 1673 1744 quippe

182 1774 292 1815 quae
322 1762 601 1815 appositionis
643 1764 733 1805 vice
774 1764 830 1805 ad
868 1778 991 1807 voces
1023 1765 1169 1819 „lyra“
1209 1768 1253 1806 et
1290 1764 1460 1817 ‚,tibiis“
1502 1764 1673 1806 additae

277 1886 311 1929 ¹)‘
325 1886 369 1921 cf.
392 1886 529 1923 Nauck.
551 1898 582 1922 a.
609 1889 645 1924 h.
669 1889 690 1923 l.

273 1946 298 1991 ²)
322 1947 462 1983 Lucret.
496 1949 540 1984 de
572 1960 638 1985 rer.
670 1954 743 1986 nat.
772 1952 842 1994 ΙΙΙ,
873 1952 956 1987 352:
989 1956 1116 1997 „atque
1146 1947 1298 1988 animam'
1328 1952 1439 1987 credit
1466 1953 1672 1997 permixtam

177 2012 252 2044 toto
275 2012 454 2054 corpore.“
500 2011 599 2046 Caes.
636 2013 718 2047 bell.
754 2014 844 2049 Gall.
876 2017 907 2057 7,
938 2015 997 2049 62:
1029 2016 1101 2058 „sic
1137 2026 1214 2050 cum
1245 2016 1318 2050 suis
1350 2015 1565 2060 fugientibus
1595 2024 1672 2059 per-

148 2102 151 2104 .
176 2070 277 2105 mixti
301 2098 307 2104 .
334 2072 371 2106 .“
406 2071 476 2107 Cic.
500 2072 538 2107 in
555 2073 634 2109 Vat
660 2077 691 2118 5,
718 2076 779 2111 13:
804 2086 870 2119 „ne
886 2081 966 2111 tuas
987 2078 1108 2112 sordes
1133 2088 1210 2111 cum
1236 2077 1503 2112 clarissimorum
1524 2078 1674 2111 virorum

176 2131 364 2177 splendore
388 2135 633 2178 permisceaS.“

267 2194 294 2239 ³)
319 2195 363 2230 cf.
394 2195 550 2232 Nauck:
575 2199 660 2242 „der
684 2200 858 2236 Indicativ
882 2205 993 2236 nennt
1016 2202 1093 2236 blos
1117 2202 1185 2236 den
1210 2202 1388 2237 loblichen
1414 2202 1570 2237 Braurh.
1604 2201 1672 2235 den

176 2256 356 2292 sextarius
379 2258 441 2293 mit
464 2261 484 2293 3
508 2260 595 2296 oder
619 2261 640 2296 9
664 2262 816 2299 Theilen
845 2264 947 2299 Wein
972 2276 1016 2299 zu
1040 2264 1231 2299 mischen.“

273 2321 298 2357 ι)
323 2320 368 2354 cf.
391 2320 547 2355 Nauck:
572 2324 689 2364 „tibiis
714 2325 892 2362 Abiativ.“
1101 2313 1116 2349 ὓ

266 2382 295 2425 ⁵)
319 2381 357 2416 cf
388 2393 492 2418 carm.
516 2383 543 2427 1,
568 2385 599 2428 1,
624 2385 669 2421 23
699 2397 751 2432 sq.

267 2438 294 2481 ὅ)
319 2437 467 2471 Carmen
500 2441 640 2484 saepius
664 2442 978 2479 instrumentorum
1002 2446 1123 2481 modos
1157 2446 1340 2490 significat.
1388 2447 1432 2481 cf.
1459 2448 1541 2481 How.
1569 2457 1671 2480 murm.

173 2498 235 2542 IV,
259 2498 313 2542 12,
338 2498 360 2533 9
383 2509 452 2543 sq.:
479 2499 623 2543 „dicunt
646 2503 683 2538 in
716 2508 840 2540 tenero
864 2507 1022 2551 gramine
1054 2508 1238 2552 pinguium
1272 2508 1434 2542 custodes
1459 2509 1574 2542 mium
1599 2518 1671 2542 car-

173 2561 268 2607 mina
290 2560 440 2596 fistula.“
486 2562 628 2600 Lucret.
654 2566 676 2600 1.
702 2578 731 2601 c.
754 2568 813 2611 IV,
839 2568 905 2603 978
939 2569 1006 2613 (ed.
1033 2570 1206 2614 Bipont.):
1232 2576 1289 2613 „ct
1313 2570 1468 2605 citharae
1502 2569 1671 2614 liquidum

115 2655 121 2657 Δ
167 2624 346 2678 carmenst‘
394 2623 495 2660 Ovid.
520 2625 655 2663 heroid.
680 2629 759 2672 XII,
787 2631 852 2665 139
876 2641 949 2675 sq⁴2
973 2632 1150 2676 „tibiaque
1174 2632 1324 2667 effundit
1348 2633 1490 2667 socialia
1515 2632 1671 2666 carmina

103 2701 105 2703 >
147 2731 149 2733 ‚
173 2684 283 2729 vobis,
306 2688 343 2719 at
366 2685 450 2720 mihi
482 2686 630 2723 funerea
661 2689 834 2726 flebiliora
866 2692 984 2728 tuba.“
1015 2693 1061 2727 id.
1093 2694 1183 2729 trist.
1209 2694 1269 2736 IV,
1303 2695 1333 2737 1,
1369 2695 1421 2728 12:
1453 2693 1669 2736 „arundineo

110 2759 113 2762 ·
172 2748 326 2783 carmine
349 2748 477 2798 mulcet
500 2752 616 2786 oves.“
641 2752 802 2798 Propert.
828 2755 873 2798 ΙΙ,
899 2757 930 2798 1,
953 2756 984 2789 9.
1010 2766 1173 2798 „carmen
1197 2756 1294 2801 lyrae
1307 2758 1326 2775 ‘⁴

268 2811 291 2849 ⁷)
315 2811 358 2845 cf.
384 2810 490 2846 Orell.
515 2812 751 2858 Symphonias
776 2822 873 2852 actas
897 2826 976 2852 esse
1008 2817 1044 2851 in
1073 2817 1308 2853 Romanorum
1340 2818 1453 2862 epulis
1482 2817 1582 2851 testis
1615 2820 1670 2852 est

80 2858 83 2859 ⁷
114 2875 116 2878 ’
161 2861 263 2907 ἨῡικΓ
285 2873 388 2917 epist,
410 2874 455 2918 Π,
479 2874 511 2919 3,
536 2875 620 2911 374:
646 2882 708 2922 „ut
731 2884 851 2924 gratas
874 2880 968 2916 inter
990 2890 1131 2916 mensas
1156 2881 1359 2926 symphonia
1387 2880 1552 2915 discors.“
