1880 3148
915 224 974 267 129

267 382 271 389 ·
332 369 413 407 sat.
443 364 476 416 1,
513 365 577 413 10,
610 362 664 400 24
694 391 743 411 ‚,.
776 392 787 401 .
819 392 830 402 .
859 363 908 399 ut
935 358 1040 399 Chio
1070 362 1173 399 nota
1203 359 1238 398 si
1265 357 1492 398 commixta
1523 355 1695 397 Falerni

160 422 168 427 ι
192 444 298 493 est‚“
329 440 356 480 i.
388 452 423 480 e.
453 439 503 477 ut
522 435 559 476 si
589 433 732 474 vinum
763 431 990 474 Falernum
1027 430 1304 473 commixtum
1333 432 1399 471 est
1429 443 1523 470 cum
1548 428 1693 470 Chio.“

52 491 86 540 Τ»
131 532 160 551 x
185 512 430 556 >Falernum
460 508 581 551 enim*
601 507 745 547 vinum
775 504 956 546 Romani
986 517 1080 544 cum
1104 503 1207 544 Chio
1239 502 1580 553 commiscebant,
1611 515 1695 555 quo

0 575 24 633 ,Γ
67 566 69 569 r
127 584 130 587 ”
187 587 362 628 mollius
397 588 440 625 et
481 580 652 623 suavius
687 577 821 619 fieret.
842 577 875 632 ¹)
948 577 1103 618 Mirum
1149 581 1214 618 est
1260 576 1374 630 quod
1412 575 1691 627 Kirchnerus,

133 699 138 702 ,
195 669 452 713 quamquam
483 651 809 707 explicationem
839 664 866 691 a
894 649 1016 691 nobis
1046 649 1265 691 laudatam
1290 648 1541 703 comprobat
1552 648 1599 703 ²),
1631 652 1695 688 ta-

193 734 288 774 men
318 742 462 772 vocem
493 726 652 779 ‚,Chi0“
675 724 866 765 dativum
903 728 1048 776 putat,
1091 738 1222 776 quum
1267 724 1327 764 sic
1369 726 1528 764 vertat:
1575 721 1695 773 „Wie

193 820 312 847 wenn
343 803 469 844 Chier
509 815 608 842 man
646 797 801 840 mischt
838 798 915 839 mit
958 796 1033 839 der
1072 797 1196 839 Sorte
1233 795 1474 839 Falerner’s
1491 795 1538 852 3).
1610 794 1692 837 Sed

193 879 238 920 in
287 888 473 918 errorem
524 871 725 914 incidisse
764 870 1066 921 Kirchnerum,
1107 870 1219 923 quod
1260 870 1431 923 quidem
1472 870 1692 911 rarissime

192 950 291 992 huic
318 948 409 988 viro
441 946 688 987 doctissimo
729 943 906 994 accidit,
949 944 1097 996 negari
1140 958 1223 984 non
1254 948 1413 997 potest.
1473 942 1588 984 Idem
1623 942 1694 984 de-

181 1024 406 1072 monstrat
450 1018 626 1061 verbum
674 1016 992 1068 commiscendi,
1048 1017 1114 1057 cui
1163 1030 1297 1070 aeque
1338 1030 1388 1057 ac
1432 1015 1560 1057 verbo
1601 1030 1691 1070 per-

197 1094 405 1137 miscendi
436 1096 479 1135 et
513 1094 667 1147 poetae
706 1094 749 1131 et
779 1104 931 1144 prosae
962 1090 1168 1131 orationis
1207 1090 1438 1144 scriptores
1469 1095 1544 1131 aut
1573 1104 1696 1131 accu-

167 1156 375 1211 sativum
411 1170 454 1209 et
491 1165 725 1208 ablativum
742 1163 777 1219 4)
821 1166 897 1205 aut
942 1164 1231 1205 accusativum
1264 1168 1306 1205 et
1335 1164 1696 1218 praepositionem

197 1245 348 1296 ‚‚cum“
380 1239 652 1283 subiecerunt
669 1237 718 1293 ⁵).

328 1318 407 1357 sat.
443 1314 496 1365 Π,
530 1316 568 1365 2,
602 1315 653 1353 73
687 1325 772 1365 sq.:
806 1343 854 1363 ‚,.
888 1344 896 1351 .
931 1343 939 1352 .
971 1318 1016 1352 at
1047 1311 1171 1352 simul
1193 1311 1301 1353 assis
1323 1312 1545 1354 miscueris
1567 1312 1691 1363 elixa,

192 1387 318 1431 simul
347 1386 568 1441 conchylia
587 1385 766 1427 turdis.“
826 1385 919 1427 Hoc
940 1385 1032 1427 loco
1054 1385 1238 1427 fortasse
1264 1386 1455 1427 dativum
1482 1386 1693 1440 quispiam

191 1461 420 1516 praeferat,
453 1462 513 1503 sic
543 1460 630 1502 fere
660 1460 765 1501 haec
796 1459 926 1501 verba
953 1459 1189 1513 explicans:
1227 1464 1273 1502 at
1320 1461 1447 1502 simul
1482 1461 1590 1502 assis
1621 1460 1695 1502 ad-

146 1569 150 1570 r
193 1535 412 1577 miscueris
434 1535 520 1576 sive
551 1533 796 1575 adiunxeris
828 1533 950 1585 elixa,
982 1534 1107 1574 simul
1129 1534 1349 1588 conchylia
1370 1534 1521 1576 turdis.
1583 1535 1691 1577 Nam

153 1655 158 1658 ‚
193 1609 282 1650 sine
326 1608 455 1650 dubio
486 1609 667 1650 Romani
697 1622 834 1661 neque
876 1608 988 1648 elixa
1017 1621 1111 1648 cum
1148 1609 1261 1649 'assis
1297 1622 1434 1662 neque
1475 1608 1695 1663 conchylia

138 1694 142 1700 ’
193 1696 289 1724 cum
325 1682 464 1724 turdis
504 1680 855 1733 commiscebant,
894 1694 1019 1735 quem
1064 1695 1232 1723 sensum
1277 1694 1399 1723 voces
1444 1683 1603 1734 ‚,assis“
1652 1686 1695 1723 et

194 1755 398 1807 ,‚turdis‚“
430 1756 466 1796 si
509 1755 686 1797 ablativi
716 1755 804 1796 vice
840 1754 1095 1808 funguntur,
1137 1755 1335 1797 videntur
1371 1755 1551 1799 efficere.
1612 1757 1696 1798 Sed

196 1832 336 1871 tamen
355 1829 471 1882 mihi,
504 1829 539 1871 si
561 1828 786 1883 diligenter
806 1827 1031 1871 verborum
1056 1830 1311 1871 sententiam
1345 1830 1540 1884 respicio,
1572 1844 1694 1872 voces

193 1904 354 1956 „assis“
387 1908 431 1945 et
461 1904 654 1956 „turdis“
695 1902 872 1949 ablativi
901 1903 1167 1957 intelligendi
1210 1904 1407 1946 videntur
1437 1918 1543 1948 esse,
1603 1905 1695 1947 Hoc

192 1976 304 2019 enim
337 1977 515 2021 Ofellius
546 1978 670 2021 dicit:
713 1981 759 2019 at
789 1977 915 2019 simul
944 1991 1041 2020 assa
1070 1981 1113 2020 et
1142 1978 1266 2031 elixa,
1311 1978 1438 2021 simul
1474 1978 1695 2033 conchylia

242 2207 251 2214 „
285 2159 314 2202 ¹)
338 2159 385 2194 cf.
408 2160 558 2204 Heind.;
583 2160 709 2204 Orell.;
733 2160 848 2204 Kriig.

285 2221 313 2260 ²)
331 2220 376 2255 of.
392 2222 541 2257 Kirchn.
557 2222 612 2258 ed.
626 2227 691 2257 sat.
702 2226 728 2257 t.
744 2222 828 2257 ILa.
849 2233 884 2266 p.
906 2222 991 2258 344:
1016 2222 1109 2266 „Der
1125 2222 1283 2267 kraftige
1300 2223 1373 2258 und
1397 2223 1507 2258 herbe
1523 2223 1695 2258 Falerner

191 2280 310 2336 wurde
327 2281 440 2317 durch
456 2284 534 2318 eine
549 2284 800 2329 Beimischung
816 2284 879 2320 des
893 2289 1017 2319 sussen
1031 2284 1229 2320 chierwein
1249 2285 1375 2320 milder
1390 2286 1463 2320 und
1478 2285 1694 2320 lieblicher.“

286 2349 311 2393 ³)
326 2350 489 2386 Eandem
505 2353 718 2387 sententiam
733 2353 881 2397 protulit
905 2353 1145 2388 commentarii
1161 2353 1237 2388 loco
1266 2353 1370 2388 modo
1387 2353 1546 2389 laudato:
1570 2363 1693 2397 „wenn

154 2416 157 2417 ’
195 2409 264 2445 den
289 2410 508 2449 Ghierman
531 2415 670 2451 mischt.
715 2414 767 2449 Es
798 2414 902 2449 sollte
935 2414 1126 2458 cigentlich
1157 2415 1371 2460 umgekehrt
1401 2417 1561 2461 heissen,
1592 2426 1693 2451 wenn

138 2522 141 2524 -
192 2472 364 2508 Falerner
387 2476 450 2509 mit
474 2475 582 2512 Chier
606 2488 689 2512 man
711 2477 871 2512 mischt.“

282 2549 384 2604 fficf.
407 2549 551 2588 Lucret.
576 2551 620 2586 de
644 2561 714 2588 rer.
737 2556 811 2588 nat.
836 2553 896 2597 VI,
920 2552 1004 2587 321:
1028 2557 1088 2596 „at
1112 2553 1291 2598 tepefacta
1314 2558 1432 2589 tamen
1461 2554 1581 2589 veniat
1602 2564 1692 2588 com-

190 2608 294 2643 mista
317 2607 465 2646 calore.“
488 2614 535 2650 ib.
561 2615 650 2649 1157
660 2641 694 2659 ,‚,
707 2643 715 2651 .
742 2643 749 2650 .
775 2641 784 2651 .
810 2621 845 2650 et
868 2616 1001 2660 gemitu
1024 2617 1204 2652 commista
1227 2616 1405 2661 querela.“
1451 2617 1550 2661 Virg.
1573 2626 1692 2660 georg.

52 2663 60 2665 ⁸
109 2669 129 2697 '⁴'—
190 2670 237 2715 Π,
252 2670 336 2707 327:
353 2684 523 2719 „magnus
539 2678 603 2713 alit
619 2689 749 2724 magno
770 2679 976 2715 commixtus
992 2689 1138 2724 corpore
1162 2679 1291 2715 fetus.“
1320 2679 1367 2714 id.
1393 2680 1483 2715 Aen.
1499 2679 1594 2722 VIII,
1614 2678 1692 2713 255.

267 2735 310 2787 4⁵)
334 2746 377 2783 cf.
402 2747 542 2784 Lucret.
574 2752 598 2786 1.
631 2753 654 2788 l.
677 2753 747 2797 VI,
776 2753 860 2788 275:
885 2780 923 2797 „.
949 2781 957 2790 .
985 2781 993 2789 .
1026 2764 1133 2798 seque
1163 2755 1265 2789 simul
1296 2766 1373 2789 cum
1406 2764 1448 2789 eo
1479 2753 1693 2787 commiscuit

190 2805 300 2850 igni.“
347 2808 419 2846 Cic.
443 2821 508 2856 pro
543 2812 648 2850 domo
672 2825 736 2851 sua
765 2817 819 2861 57,
851 2816 936 2852 144:
960 2817 1152 2862 „cuiusque
1183 2817 1343 2862 (Vestae)
1379 2817 1496 2861 ignem
1520 2842 1528 2849 .
1553 2841 1562 2850 .
1588 2842 1594 2849 .
1620 2824 1690 2848 non

57 2872 66 2877 “
107 2892 117 2897 -
138 2890 148 2924 v·
191 2876 268 2903 sum
290 2880 417 2916 passus
442 2899 451 2909 .
476 2900 485 2909 .
509 2901 518 2910 .
543 2887 621 2912 cum
645 2879 755 2915 totius
779 2879 878 2915 urbis
901 2880 1066 2915 incendio
1089 2880 1339 2915 commisceri.“
