1880 3148
907 224 961 266 25

875 372 912 427 g.
953 373 991 412 3.

159 525 166 527 ν
196 516 200 517 ⁷
319 467 502 510 Exstant
531 466 675 506 autem
704 461 832 504 multi
860 461 956 514 loci,
988 462 1142 516 quibus
1172 475 1309 516 neque
1339 462 1420 504 hoc
1440 475 1577 516 neque
1604 461 1680 504 illo

183 555 321 596 neque
351 539 439 582 ullo
471 537 556 579 alio
587 535 715 578 modo
745 534 956 577 ablativus
998 535 1202 590 explicari
1253 540 1410 590 potest,
1471 535 1594 587 Quod
1632 539 1681 576 ut

184 613 387 667 exemplis
417 611 748 660 demonstretur,
780 609 1024 650 conferatur
1052 623 1180 652 carm.
1212 610 1282 659 IV,
1321 613 1384 658 12,
1417 612 1490 650 27:
1523 609 1680 660 „misce

40 722 47 730 .
98 674 103 676 “
131 694 136 697 ’
183 684 413 730 stultitiam
450 682 637 726 consiliis
678 681 891 724 brevem“.
953 682 1070 733 Quae
1110 682 1239 725 verba
1276 682 1378 736 quid
1417 681 1500 724 sibi
1535 681 1679 733 velint,

116 754 123 771 ⁵
182 762 220 804 si
249 760 344 814 quis
375 757 618 811 „consiliis“
650 755 885 798 ablativum
916 769 1006 798 esse
1036 760 1182 810 putet,
1221 770 1306 797 non
1336 756 1486 810 liquet.
1546 755 1680 796 Immo

180 833 374 884 Horatio,
407 832 442 873 si
471 830 648 873 verbum
677 829 885 872 miscendi
915 844 1010 872 cum
1040 831 1282 872 accusativo
1311 834 1353 872 et
1374 829 1560 872 ablativo
1581 843 1680 871 con-

110 920 113 922 ·
179 898 356 961 iungere
392 905 619 966 voluisset,
663 903 889 946 dicendum
933 907 1051 945 erat:
1096 905 1224 946 misce
1272 904 1449 946 consilia
1493 903 1680 946 stultitia

183 979 314 1021 brevi.
329 978 361 1035 ¹)
421 978 518 1019 Iure
549 978 682 1032 igitur
710 978 790 1019 hoc
820 978 914 1019 loco
945 991 1102 1029 omnes,
1133 978 1390 1029 nisifallor,
1420 979 1678 1031 interpretes

179 1066 328 1095 vocem
359 1052 604 1104 „consiliis“
635 1051 826 1093 dativum
868 1051 1182 1103 intellexerunt,
1227 1052 1290 1093 ita
1320 1055 1369 1093 ut
1397 1050 1572 1099 verbum
1603 1051 1680 1092 mi-

183 1125 329 1168 scendi
358 1124 471 1167 idem
502 1124 712 1178 significet
732 1128 861 1178 atque
887 1124 1016 1166 verba
1043 1125 1322 1176 immiscendi,
1338 1124 1371 1180 2)
1403 1124 1678 1176 admiscendi,

180 1198 451 1253 adiungendi,
484 1198 638 1251 quibus
660 1203 703 1240 et
723 1201 876 1252 poetae
897 1203 940 1240 et
969 1198 1180 1252 pedestris
1212 1198 1417 1240 orationis
1447 1199 1677 1251 scriptores

179 1272 474 1314 accusativum
495 1275 537 1313 et
558 1271 749 1313 dativum
771 1270 1014 1313 subiiciunt.
1025 1271 1058 1328 3)
1089 1271 1206 1322 Quae
1228 1270 1451 1313 verborum
1473 1270 1678 1312 miscendi

179 1341 498 1388 constructione
530 1345 603 1387 ubi
633 1360 736 1387 usus
768 1350 832 1388 est
862 1349 1002 1401 poeta,
1035 1360 1202 1400 semper
1221 1360 1290 1386 res
1312 1345 1454 1387 dativo
1476 1359 1678 1399 expressa

178 1423 375 1474 urgetur,
411 1433 644 1474 numquam
681 1420 850 1472 altera,
889 1421 1132 1462 accusativo
1172 1433 1384 1474 expressa.
1444 1419 1593 1473 Neque
1622 1418 1677 1460 ab

116 1517 122 1520 -
178 1492 360 1536 Horatio
383 1493 554 1548 quidem
575 1493 679 1536 haec
700 1493 927 1536 verborum
955 1494 1162 1537 miscendi
1189 1493 1452 1536 constructio
1473 1494 1535 1536 ita
1557 1506 1678 1535 usur-

176 1569 282 1621 pata
311 1570 391 1619 est,
421 1570 472 1608 ut
501 1573 684 1622 utraque
714 1582 803 1617 res,
835 1572 877 1609 et
907 1582 1016 1622 quae
1045 1569 1310 1610 immiscetur
1328 1601 1337 1619 ,
1369 1572 1412 1609 et
1442 1569 1509 1608 cui
1539 1567 1677 1609 altera

177 1640 454 1693 immiscetur,
491 1641 680 1684 eiusdem
710 1641 766 1684 sit
795 1642 1010 1685 momenti.
1525 1625 1537 1635 ¹

877 1814 913 1870 ξ.
945 1815 984 1855 4.

313 1900 391 1944 His
433 1903 679 1957 praemissis
720 1904 914 1958 sequitur
951 1904 1299 1958 explicandarum
1337 1904 1558 1946 verborum
1601 1906 1677 1946 mi-

179 1974 326 2018 scendi
355 1978 719 2021 constructionum
751 1978 1024 2021 difficultates
1055 1978 1153 2020 inde
1185 1984 1365 2030 exstare,
1397 1979 1509 2033 quod
1541 1979 1676 2022 Hora-

180 2047 265 2090 tius
297 2051 340 2091 et
370 2049 565 2093 omnibus
601 2051 689 2093 fere
719 2052 823 2095 locis
861 2052 988 2094 verbo
1028 2052 1211 2107 simplici
1243 2066 1345 2094 usus
1384 2057 1448 2095 est-
1476 2067 1554 2107 pro
1587 2067 1677 2095 ver-

167 2117 251 2162 bis'
280 2124 597 2181 compositis,⁴¹=)
644 2139 822 2179 quorum
868 2127 963 2180 ipsa
1004 2141 1056 2167 ex
1100 2126 1237 2167 forma
1278 2127 1548 2180 perspicuum
1597 2131 1674 2179 est,

177 2196 321 2237 utrum
352 2209 497 2239 casum
528 2198 610 2241 sibi
639 2199 884 2252 asciverint,
918 2203 960 2242 et
990 2200 1331 2254 praepositiones
1361 2200 1488 2254 plane
1520 2201 1674 2242 omisit.

218 2370 220 2373 ’
267 2376 296 2419 ¹)
318 2375 359 2410 cf
376 2375 513 2413 Nauck.

267 2438 295 2479 ²)
321 2438 363 2472 cf.
389 2439 541 2484 Kruger.
566 2438 613 2478 a'd
637 2446 703 2479 sat.
726 2443 754 2486 I,
780 2443 833 2486 10,
857 2443 913 2479 20.

269 2499 294 2544 ³)
314 2499 399 2536 Hor.
423 2506 487 2537 sat.
520 2505 547 2547 I,
572 2505 604 2549 2,
629 2505 673 2540 75
697 2515 767 2551 sq.:
798 2506 991 2551 „fugienda
1022 2507 1186 2551 petendis
1216 2506 1445 2542 immiscere.“
1477 2512 1542 2542 sat.
1573 2508 1618 2550 ΙΙ,
1642 2510 1674 2550 3,

174 2558 260 2595 247:
284 2586 323 2605 ,‚.
347 2588 357 2598 .
381 2589 391 2598 .
414 2564 579 2609 plostello
613 2567 809 2614 adiungere
831 2571 982 2605 mures.“
1030 2570 1138 2615 Verg.
1170 2580 1280 2615 georg
1323 2571 1350 2613 I,
1380 2572 1464 2605 454:
1497 2571 1574 2614 „sin
1604 2582 1673 2605 ma.—

155 2621 273 2658 ‘culae
296 2623 469 2670 incipient
490 2629 599 2665 rutilo
621 2631 849 2667 immiscerier
865 2632 974 2677 igni.“
1021 2632 1122 2668 Ovid.
1148 2633 1281 2668 heroid.
1307 2633 1378 2676 VL,
1403 2633 1467 2668 73:
1500 2634 1673 2677 „immista

171 2687 256 2728 vota.
276 2685 425 2723 timori.“
455 2688 534 2735 Liv,
556 2693 616 2736 111,
641 2693 701 2729 50:
726 2698 784 2738 „et
805 2695 948 2730 immisti
970 2695 1096 2730 turbae
1118 2695 1266 2730 militum
1294 2696 1426 2740 togati“
1453 2696 1584 2739 XXXI,
1610 2695 1671 2730 35:

86 2743 88 2746 ’
144 2766 148 2769 -
171 2746 311 2791 ,partim
333 2748 537 2788 desilientes
559 2754 730 2802 (equites)
754 2757 1064 2804 immiscentesque
1088 2767 1127 2794 se
1151 2758 1335 2804 peditibus
1358 2758 1601 2806 pugnaba.nt.“

262 2811 291 2851 ⁴)
316 2811 387 2846 Sex
402 2818 539 2850 tantum
553 2816 641 2854 locis
663 2820 771 2855 verba
795 2821 987 2866 composita
1006 2822 1194 2866 leguntur,
1217 2822 1367 2857 sedecim
1393 2827 1511 2857 autem
1527 2823 1671 2857 verbum

68 2872 84 2882 ¹·
119 2890 123 2894 -
172 2868 322 2915 simplex
343 2873 534 2913 invenitur.
