1880 3148
883 236 935 273 47

773 406 932 461 OAP.
974 407 1047 460 H.

665 486 1148 554 De⁴gerundio.

287 595 496 646 Quoniam
528 593 615 634 dixi
654 591 706 632 de
745 591 995 645 participio,
1038 604 1150 631 nunc
1189 603 1312 643 agam
1352 590 1404 631 de
1435 590 1654 643 gerundio.

51 681 63 710 ξ
120 657 211 725 *lDe
255 670 417 723 origine
457 671 588 721 atque
628 669 787 708 natura
825 664 1020 719 gerundii
1063 665 1277 705 assentior
1314 663 1497 715 Haasio,
1517 664 1549 720 ¹)
1582 664 1655 718 qui

148 743 241 784 vult
271 741 524 795 gerundium
557 751 651 780 esse
682 742 879 780 neutrum
913 738 1128 791 participii
1154 737 1290 779 futuri
1311 738 1397 779 sive
1417 738 1656 792 praesentis

134 816 315 869 passivi.
376 816 518 867 Atque
539 813 652 853 idem
675 810 964 863 difficultates,
995 825 1104 864 quae
1133 810 1230 852 inde
1252 815 1423 852 exstare
1442 810 1654 861 videntur,

88 883 92 887 ’
147 873 263 941 quod
294 887 401 928 illud
432 886 589 939 ubique
621 885 708 926 fere
740 886 922 925 activam
960 885 1040 925 vim
1075 886 1277 936 continet,
1309 883 1415 925 bene
1439 883 1654 925 refutavit.

147 961 368 1003 Gerundio
412 964 557 1002 autem
599 958 805 1000 Horatius
852 959 1104 1011 praesertim
1142 958 1185 999 in
1223 957 1482 999 carminibus
1519 958 1655 1004 multo

92 1027 94 1029 ¹
145 1020 284 1076 rarius
323 1048 451 1087 quam
493 1033 660 1074 solutae
709 1032 914 1073 orationis
974 1032 1202 1085 scriptores
1249 1045 1353 1072 usus
1403 1038 1480 1073 est.
1545 1031 1653 1072 Nam

146 1107 333 1149 Graecos
387 1105 583 1147 imitandi
635 1105 775 1146 studio
828 1109 1061 1147 commotus
1117 1110 1158 1146 et
1213 1102 1425 1146 adiectiva
1472 1109 1524 1146 -et
1568 1105 1655 1146 alia

145 1179 293 1231 ver-ba,
341 1178 495 1233 quibus
545 1178 609 1219 illi
652 1177 904 1231 gerundium
946 1178 1246 1228 adiunxerunt,
1297 1190 1392 1217 cum
1440 1176 1649 1219 infinitivo

148 1253 376 1294 coniunxit.
397 1253 427 1307 ἐξ)
504 1248 579 1293 *Sic
637 1251 851 1291 invenitur
901 1250 945 1289 in
1000 1263 1129 1290 carm.
1176 1250 1214 1302 Ι,
1262 1254 1308 1302 6,
1358 1254 1401 1292 6:
1461 1250 1655 1302 „Pelidae

99 1333 107 1337 '
152 1324 417 1367 stomachum
433 1324 583 1366 cedere
600 1324 753 1365 nescii“
776 1336 876 1377 pro:
899 1323 1032 1364 nescii
1048 1323 1244 1376 cedendi3
1265 1324 1297 1376 Ι,
1327 1326 1365 1376 3,
1389 1325 1462 1366 25:
1490 1324 1656 1376 „audax

72 1428 79 1431 -
120 1400 294 1452 jomnia
322 1400 514 1453 perpeti“
555 1412 652 1452 pro:
692 1397 832 1439 audax
870 1397 926 1438 ad
956 1398 1098 1439 omnia
1127 1398 1425 1451 perpetienda3
1466 1399 1590 1452 epist,
1621 1398 1655 1449 Ι,

153 1475 191 1524 2,
225 1476 298 1514 27:
335 1486 435 1524 „nos
467 1485 670 1513 numerus
701 1485 845 1512 sumus
877 1475 919 1512 et
954 1471 1098 1525 fruges
1130 1485 1376 1513 consumere
1406 1473 1520 1513 nati⁶⁶
1555 1485 1653 1526 pro:

155 1546 212 1586 ad
243 1545 386 1598 fruges
417 1545 727 1586 consumendas
757 1546 867 1596 nati3
901 1549 979 1586 sat.
1010 1545 1042 1596 Ι,
1084 1549 1122 1596 4,
1155 1548 1199 1585 8:
1247 1549 1494 1595 „emunctae
1524 1545 1654 1595 naris,

150 1618 280 1660 durus
341 1632 593 1672 componere
645 1622 814 1660 versus“
863 1632 960 1673 pro:
1000 1652 1010 1662 .
1044 1651 1052 1659 .
1091 1619 1221 1659 durus
1265 1619 1310 1659 in
1353 1617 1655 1672 componendis

84 1689 89 1690 ⁷
151 1692 356 1734 versibus.
377 1691 409 1748 3)
471 1692 566 1734 Duo
594 1696 762 1733 tantum
784 1692 1014 1734 adiectiva:
1052 1706 1218 1746 „parca,
1247 1696 1414 1733 exsors⁶‘
1451 1696 1493 1733 et
1522 1705 1654 1732 unum

149 1767 426 1821 participium
462 1770 636 1818 „natus“
679 1780 776 1808 cum
820 1766 1026 1820 ger-undio
1065 1766 1255 1809 videmus
1292 1780 1382 1808 esse
1414 1766 1653 1808 coniuncta.

149 1838 202 1881 cf.
234 1843 312 1879 sat.
344 1838 398 1890 ΙΙ,
431 1842 469 1891 5,
504 1843 579 1880 79:
625 1841 763 1891 „venit
799 1841 911 1880 enim
953 1854 1154 1893 magnum
1192 1840 1380 1881 donandi
1416 1853 1549 1894 parca
1591 1841 1655 1880 iu-

142 1917 347 1965 ventus“;
384 1915 508 1968 epist.
548 1903 684 1967 11‚'3,
727 1918 828 1956 305:
866 1949 906 1967 „.
941 1949 950 1957 .
984 1948 992 1956 .
1025 1929 1172 1957 exsors
1211 1914 1306 1969 ipsa
1336 1913 1562 1966 secandi“;
1593 1912 1653 1970 ib,

121 1989 223 2035 “82;
260 2019 305 2039 ,,.
338 2019 347 2028 .
382 2018 390 2028 .
421 1991 571 2029 natum
600 1987 727 2030 rebus
758 1988 974 2042 agendis“.

281 2060 565 2104 Substantivis
598 2067 761 2115 autem,
800 2067 976 2117 excepto
1008 2066 1085 2105 sat.
1117 2062 1172 2115 ΙΙ,
1205 2065 1243 2116 2,
1280 2065 1377 2105 123;
1415 2066 1537 2118 „post
1567 2062 1648 2105 hoc

83 2144 89 2149 “
145 2133 273 2181 ludus
305 2138 399 2176 erat
444 2136 571 2190 culpa
606 2140 759 2191 potare
795 2137 1043 2191 magistra“,
1086 2137 1251 2178 solutae
1289 2137 1496 2179 orationis
1526 2151 1652 2179 usum

147 2212 319 2268 secutus
346 2208 503 2264 ubique
546 2211 798 2265 gerundium
837 2211 1015 2254 addidit.
1076 2211 1128 2252 cf.
1161 2225 1290 2254 carm.
1323 2211 1377 2264 ΙΙ,
1411 2215 1449 2264 7,
1482 2214 1534 2253 25
1567 2225 1651 2266 sq.:

57 2271 59 2273 ’
111 2284 114 2286 ’
143 2293 195 2336 ’,,.
229 2314 237 2323 .
271 2315 280 2323 .
323 2297 449 2337 quem
488 2284 630 2327 Venus
672 2285 883 2327 arbitrum
922 2286 1035 2328 dicet
1065 2285 1237 2328 bibendi
1279 2318 1287 2326 .
1322 2318 1330 2326 .
1361 2290 1406 2328 .“
1456 2286 1654 2328 Ceterum

147 2357 401 2410 gerundium
431 2359 494 2400 ita
524 2365 720 2414 usurpat,
751 2364 800 2402 ut
818 2360 1010 2414 postulat
1032 2361 1183 2402 solitus
1212 2360 1423 2414 pedestris
1446 2360 1653 2403 orationis

98 2437 116 2460 f
147 2444 269 2485 usus,
300 2434 604 2487 praeterquam
634 2434 750 2489 quod
785 2434 892 2476 illud
922 2448 1007 2476 non
1037 2437 1166 2476 vertit
1200 2435 1246 2476 in
1275 2434 1577 2489 gerundivum,
1618 2434 1654 2475 si

91 2537 98 2544 .
147 2505 379 2559 genitivum
421 2506 507 2548 sive
537 2507 774 2551 ablativum
814 2510 905 2551 sine
944 2510 1260 2564 praepositione
1290 2510 1558 2552 accusativus
1589 2523 1653 2550 se-

242 2643 268 2684 ι)
292 2642 335 2677 cf.
359 2642 466 2678 Haas.
491 2644 514 2679 l.
537 2644 561 2680 l.
586 2645 668 2680 adn.
696 2647 773 2689 580,
798 2647 876 2690 581,
899 2647 978 2682 582.

239 2707 269 2747 ²)
295 2705 341 2741 cf.
364 2706 482 2741 Madv.
507 2708 530 2743 l.
554 2709 576 2743 l.
603 2709 634 2753 ξ.
658 2710 738 2745 419.
762 2710 874 2754 Kriig.
897 2710 921 2744 l.
946 2710 969 2745 1.
993 2711 1024 2756 ξ.
1049 2710 1127 2752 476,
1151 2709 1183 2743 4.

243 2767 268 2813 ³)
292 2768 484 2814 Exempla,
518 2781 607 2815 quae
631 2772 701 2807 huc
724 2773 916 2818 pertinent,
941 2773 1057 2809 omnia
1083 2774 1156 2808 fere
1181 2773 1324 2817 collegit
1346 2773 1498 2817 Hester„
1522 2773 1558 2808 in
1583 2772 1652 2808 dis-

80 2852 85 2858 1
149 2832 357 2876 efflatione,
399 2844 522 2879 quam
543 2835 684 2880 scripsit
713 2837 757 2872 de
794 2837 959 2872 infinitivi
999 2842 1127 2874 natura
1163 2843 1198 2872 et
1233 2837 1328 2882 apud
1365 2839 1547 2873 Horatium
1586 2846 1652 2871 usu

71 2877 78 2882 ”
118 2892 315 2940 ’(Μοιιειει,
341 2896 499 2943 1858)§-
527 2897 637 2942 9,10
