1880 3148
851 208 1017 248 -24'

108 373 112 376 ⁴
171 344 237 387 illi
267 357 430 397 rerum,
471 357 582 399 quae
620 343 876 397 miscentur,
917 343 1124 386 maiorem
1160 343 1378 398 quandam
1416 345 1502 389 vim
1531 345 1678 393 tribui.
1794 335 1817 371 ²¹

174 418 298 470 Quod
326 417 400 460 ubi
428 416 491 470 fit,
521 432 603 470 res,
635 432 745 473 quae
775 421 975 472 urgetur,
1007 416 1061 460 ab
1093 408 1275 460 Horatio
1306 418 1478 472 quidem
1509 433 1683 476 semper.
1704 405 1706 408 v
1788 430 1827 474 „1
1854 419 1880 455 '²:ss

172 492 436 542 accusa-tivo,
468 492 575 543 sive,
606 491 679 534 ubi
710 491 839 534 verbo
871 485 1041 546 passivo
1073 504 1176 533 usus
1207 493 1274 533 est
1302 494 1454 545 polita,
1485 494 1678 536 nomina-
1718 490 1757 522 ‘f
1810 520 1814 524 -
1846 492 1880 512 '⁷

172 565 273 614 tivo,
304 578 540 618 numquam
571 570 714 606 autem
746 564 934 606 ablativo
961 578 1162 617 expressa
1192 568 1268 606 est.
1321 565 1461 627 Atque
1480 565 1588 608 haec
1608 567 1678 609 ltex

171 652 316 681 rerum
347 642 527 680 naturae
557 638 686 692 plane
718 641 1004 679 consentanea
1034 641 1112 681 est.
1150 637 1258 679 Nam
1288 641 1338 679 ut
1367 651 1588 682 recurram
1620 640 1676 682 ad

171 711 304 754 verba
344 711 420 753 illa
460 712 546 753 iam
578 725 709 766 supra
745 711 924 753 laudata
954 711 1237 763 „Surrentina
1265 710 1385 752 vafer
1425 712 1500 765 qui
1529 713 1678 757 miscet

173 785 291 828 faece
321 786 507 828 Falerna
539 786 684 838 vina“,
721 790 871 827 notum
908 788 972 827 est
1013 785 1266 827 Surrentina
1304 785 1403 827 vina
1432 798 1528 827 cum
1559 785 1677 830 faece

172 859 290 903 haud
318 858 549 902 admodum
579 860 715 902 multa
747 859 976 902 commixta
1017 872 1130 911 esse,
1176 872 1260 912 quo
1305 859 1474 901 acriora
1511 857 1675 902 fierent.

173 932 298 975 Unde
328 938 508 987 apparet
538 935 709 987 poetam
741 933 882 974 dicere
914 947 998 974 non
1026 933 1237 986 potuisse:
1271 932 1534 974 Surrentinis
1560 933 1678 975 vafer

174 1006 250 1061 qui
278 1007 430 1049 miscet
460 1007 623 1049 faecem
655 1007 883 1049 Falernam
921 1007 1028 1048 vinis
1060 1005 1198 1062 (abl.).
1260 1005 1466 1048 Similiter
1495 1007 1540 1048 in
1570 996 1697 1049 eius-s

175 1079 273 1122 dem
303 1081 464 1122 satirae
496 1095 532 1121 v.
567 1083 617 1121 65
651 1080 794 1133 „quod
823 1080 972 1134 pingui
1001 1080 1179 1121 miscere
1212 1093 1329 1120 mero
1369 1078 1569 1121 decebit.
1593 1112 1602 1120 .
1625 1083 1677 1132 .“,

174 1168 212 1195 v.
244 1153 360 1206 quod
390 1155 417 1196 i.
450 1169 484 1194 e.
518 1153 641 1195 dulce
669 1154 826 1195 olivum
856 1153 1132 1207 praecipuam
1176 1139 1282 1194 itiris
1319 1156 1488 1206 partem
1519 1152 1678 1211 signifi-

174 1229 258 1270 cat.
320 1225 404 1268 Sed
442 1227 570 1268 etiam
611 1240 755 1268 omnes
786 1241 877 1278 res,
917 1230 959 1267 et
989 1239 1099 1280 quae
1136 1225 1464 1268 commiscentur
1494 1229 1537 1267 et
1567 1240 1677 1281 quae

175 1299 480 1352 admiscentur,
513 1300 703 1342 eiusdem
733 1301 937 1342 momenti
968 1314 1059 1341 esse
1088 1303 1281 1354 possunt.

874 1495 910 1548 ἓ.
943 1495 981 1536 2.

312 1619 494 1661 Prorsus
525 1618 610 1661 alio
641 1618 767 1661 modo
799 1619 1003 1671 „miscere
1034 1619 1221 1672 aliquam
1251 1631 1342 1661 rem
1373 1619 1474 1673 alqa
1503 1623 1576 1661 re“
1607 1633 1678 1660 ex-

178 1691 425 1746 plicandum
458 1696 523 1734 est
552 1692 596 1734 in
627 1696 706 1734 sat.
738 1692 792 1744 ΙΙ,
826 1696 863 1744 8,
896 1695 972 1732 45:
1006 1692 1099 1745 „his
1121 1693 1301 1734 mixtum
1321 1693 1388 1734 ius
1418 1695 1525 1734 est“.
1568 1691 1678 1734 Nam

176 1765 243 1808 ius
274 1779 370 1808 cum
400 1765 468 1808 his
500 1765 626 1809 rebus
658 1765 934 1808 commixtum
967 1769 1034 1808 est
1062 1766 1090 1809 i.
1122 1780 1157 1809 e.
1202 1766 1308 1819 „Die
1341 1766 1483 1809 Briihe
1513 1766 1572 1808 ist
1600 1765 1679 1808 mit

175 1839 403 1894 folgenden
436 1840 601 1893 Dingen
631 1841 862 1894 gemischt“
895 1841 979 1883 dici
1010 1855 1094 1882 non
1124 1855 1247 1895 posse
1278 1842 1322 1882 in
1361 1843 1562 1895 promptu
1601 1843 1677 1881 est.

174 1914 242 1957 Ex
271 1914 479 1957 universis
511 1914 622 1956 enim
652 1914 800 1967 rebus,
839 1929 948 1969 quae
984 1917 1310 1968 enumerantur,
1347 1915 1391 1957 in
1421 1928 1551 1957 unum
1580 1927 1680 1956 con-

175 1988 334 2030 iunctis
379 1988 445 2029 ius
490 1989 770 2042 componitur.
832 1989 963 2030 Poeta
1002 1990 1134 2043 igitur
1172 1990 1252 2031 hoc
1289 1989 1383 2031 loco
1419 1992 1468 2030 ut
1509 1987 1677 2042 saepius

175 2063 539 2117 praepositionem
572 2066 676 2113 „ex“
710 2064 863 2114 omisit,
882 2063 915 2119 ¹)
948 2078 1078 2117 quum
1100 2064 1258 2105 dixerit
1286 2064 1379 2114 „his
1403 2064 1471 2105 ius
1500 2063 1679 2104 mixtum

176 2138 268 2178 est“
299 2149 379 2190 pro
412 2149 490 2187 „ex
528 2135 594 2177 his
625 2137 692 2177 ius
728 2136 955 2193 mixtum2)
994 2138 1082 2179 sive
1114 2136 1396 2191 compositum
1428 2138 1547 2188 est“‚
1584 2135 1610 2176 i.
1638 2148 1677 2176 e.

175 2223 228 2251 ex
257 2209 324 2252 his
355 2208 482 2251 rebus
513 2210 579 2251 ius
611 2214 792 2252 constat.
804 2210 837 2267 ³)

272 2416 295 2460 ¹)
320 2414 443 2449 Cicero
467 2415 766 2459 praepositionem
790 2426 925 2460 ponere
950 2417 1057 2459 solet,
1093 2421 1131 2451 ut
1155 2416 1199 2451 de
1224 2415 1281 2450 off.
1307 2415 1373 2459 111,
1403 2414 1457 2456 33,
1492 2412 1568 2447 119.
1592 2419 1680 2454 „nec

174 2486 259 2512 vero
282 2476 364 2512 finis
390 2477 561 2512 bonorum
594 2480 629 2511 et
656 2478 826 2513 malorum
854 2506 860 2513 .
887 2505 893 2513 .
921 2507 926 2512 .
955 2505 963 2513 .
989 2488 1032 2513 ex
1058 2478 1301 2513 dissimillimis
1333 2477 1439 2511 rebus
1470 2473 1609 2509 misceri
1633 2475 1679 2511 -et
1712 2465 1736 2526 A‘

173 2539 364 2585 temperari
390 2541 541 2584 potest.“

236 2625 239 2628 -
266 2603 295 2647 2)
318 2601 488 2637 Similiter
513 2601 602 2636 dixit
632 2601 668 2636 in
695 2610 758 2637 sat.
791 2603 816 2645 1,
844 2603 896 2646 10,
923 2603 968 2637 23
993 2614 1064 2648 sq.:
1094 2608 1152 2647 „at
1187 2613 1301 2638 sermo
1334 2602 1456 2646 lingua
1487 2598 1678 2634 concinnus

173 2668 323 2709 utraque
355 2665 529 2700 suavior.“
559 2674 642 2709 pro:
672 2674 785 2699 sermo
821 2675 865 2700 ex
895 2670 1046 2711 utraque
1080 2666 1204 2710 lingua
1234 2664 1405 2700 concinne
1441 2661 1573 2697 mixtus
1604 2659 1678 2693 sive

173 2727 396 2774 compositus.
421 2727 481 2772 (cf.
506 2726 693 2762 Kirchner.
719 2738 740 2763 a
777 2728 810 2762 h.
835 2729 872 2771 l.)
1640 2730 1644 2734 '

266 2790 295 2832 ³)
321 2793 386 2824 sat.
411 2789 455 2832 11,
479 2791 512 2831 4,
536 2790 581 2824 64
603 2815 641 2832 ,,.
666 2816 673 2824 .
699 2816 707 2825 .
734 2816 741 2825 .
767 2790 917 2835 simplex
940 2791 1026 2834 (ius)
1052 2801 1071 2825 e
1096 2791 1190 2825 dulci
1213 2793 1353 2825 constat
1376 2787 1505 2824 olivo.“
