1880 3148
909 246 960 284 33

272 406 278 411 ·
326 394 455 422 carm.
492 379 525 431 Ι,
569 383 603 430 1,
642 381 694 419 29
734 392 816 432 sq.:
857 394 949 431 „me
990 379 1210 422 doctarum
1257 377 1457 427 hederae,
1498 374 1686 429 praemia

2 478 28 510 ‘.
57 450 62 452 ’
189 446 391 495 frontium
408 453 474 494 dis
495 454 674 493 miscent
705 453 872 506 superis
944 485 952 494 .
987 457 1034 494 .“
1065 454 1092 493 i.
1124 467 1160 495 e.
1181 466 1246 492 me
1268 451 1463 494 hederae.
1495 449 1687 502 praemia

36 3100 69 3148 :ar
32 2945 76 3063 ΙἶφνἽΝῘΡ-ιῖψ
45 2819 59 2830 ἢ,
43 2731 74 2789 '1⁴'
55 2697 65 2707 “’
36 2624 47 2671 ·‘·
61 2570 64 2574 ·
65 2470 71 2475 ,
41 2443 46 2447 ›
42 2381 66 2388 ⁴·
34 2348 37 2349 ¹
54 2320 56 2322 ’
40 2290 46 2294 “
43 2254 52 2271 '¹
48 2131 61 2136 Ι
34 2081 38 2084 Δ
52 2024 58 2027 ·
42 1928 45 1932 ξ
60 1871 70 1876 ’-

187 527 410 568 doctorum
452 525 680 576 frontium,
718 523 783 566 dis
819 527 984 579 superis
1020 527 1259 567 immiscent
1299 525 1384 564 sive
1423 524 1464 563 in
1510 522 1686 563 deorum

93 589 96 592 ‚
150 608 153 611 ’
190 614 412 642 numerum
441 600 647 640 inserunt.
669 597 700 652 l)

278 699 281 700 ν
326 688 455 716 carm.
486 672 563 724 ΙΙΙ,
597 675 634 723 5,
668 674 719 713 37
753 686 818 726 sq:
860 673 954 726 „hio
986 673 1097 715 uude
1138 673 1265 714 vitam
1300 677 1479 713 sumeret
1531 668 1687 710 inscius

191 761 339 804 pacem
370 747 512 790 duello
543 746 716 788 miscuit
748 779 756 788 .
790 779 798 788 .
831 751 888 799 .“,
919 748 947 790 i.
979 762 1014 790 e.
1045 761 1194 802 pacem
1227 746 1368 788 duello
1390 743 1631 790 immiscuit,
1655 741 1686 796 ²¹)

191 823 277 864 sive
307 820 446 863 medio
485 820 530 861 in
556 818 679 864 ,bello
723 834 750 862 a
777 820 935 874 populo
965 821 1157 862 Romano
1188 823 1386 873 suscepto
1417 819 1506 871 ipse
1537 829 1614 870 pro
1644 828 1688 855 se

134 921 137 923 -
193 908 340 950 pacem
371 907 468 935 cum
497 892 691 936 hostibus
722 893 905 935 confecit
935 895 1070 948 iisque
1098 908 1142 935 se
1173 893 1366 935 credidit.

327 981 458 1010 carm.
489 966 560 1019 IV,
594 969 632 1019 5,
664 967 717 1010 33
743 981 861 1024 >sqq.:
897 971 967 1019 „te
997 968 1133 1009 multa
1165 981 1303 1023 prece,
1345 971 1388 1007 te
1419 964 1690 1019 prosequitur

192 1055 308 1083 mero
330 1041 478 1082 defuso
499 1043 685 1095 pateris,
717 1046 760 1083 et
793 1041 973 1083 Laribus
999 1045 1121 1083 tuum
1147 1043 1295 1083 miscet
1326 1053 1477 1081 numen
1505 1071 1514 1079 .
1547 1070 1557 1080 .
1591 1070 1600 1078 .
1634 1040 1690 1087 .“,

192 1117 219 1160 i.
251 1130 286 1158 e.
313 1114 499 1157 Laribus
529 1119 651 1157 tuum
682 1131 837 1158 numen
867 1117 1090 1159 immiscet.
1110 1115 1142 1171 ²)

331 1203 460 1232 carm.
502 1188 574 1240 IV,
624 1192 686 1241 11,
719 1193 742 1231 9
774 1204 855 1244 sq.:
889 1193 1070 1242 „cuncta
1105 1190 1282 1231 festinat
1319 1201 1487 1238 manus,
1529 1186 1611 1227 huc
1650 1187 1693 1224 et

195 1263 298 1304 illuc
329 1262 540 1304 cursitant
569 1263 727 1305 mixtae
756 1264 900 1317 pueris
930 1264 1139 1317 puellae“‚
1169 1264 1196 1304 i.
1229 1277 1263 1304 e.
1296 1262 1462 1316 puellae
1485 1260 1694 1300 cursitant

158 1377 165 1384 ,
195 1337 410 1378 admixtae
442 1336 528 1377 sive
560 1336 787 1377 adiunctae
815 1337 971 1390 pueris,
991 1336 1023 1392 3)
1056 1337 1171 1390 quod
1196 1336 1283 1378 fere
1314 1336 1424 1377 idem
1449 1339 1513 1376 est
1538 1338 1690 1387 atque:

202 1410 438 1460 „cursitant
467 1410 589 1463 pueri
620 1413 663 1450 et
691 1410 858 1463 puellae
889 1410 976 1451 sive
1006 1411 1129 1464 pueri
1159 1425 1252 1452 cum
1284 1409 1450 1464 puellis.
1470 1411 1505 1463 4)

333 1486 400 1523 sat
429 1482 464 1534 Ι,
495 1485 533 1534 2,
579 1486 632 1523 74
671 1496 763 1536 sqq.
804 1516 850 1535 ,,.
883 1516 894 1525 .
925 1514 934 1524 .
965 1487 1013 1525 tu
1052 1484 1086 1524 si
1127 1483 1251 1525 modo
1288 1487 1403 1523 recte
1447 1482 1694 1535 dispensare

198 1556 300 1598 velis
329 1569 379 1597 ac
409 1570 494 1598 non
524 1556 727 1610 fugienda
756 1557 951 1611 petendis
981 1558 1217 1599 immiscere
1250 1590 1258 1597 .
1292 1589 1301 1598 .
1335 1561 1379 1599 .“

335 1633 414 1671 sat.
446 1629 479 1681 Ι,
516 1632 579 1681 10,
603 1632 656 1670 20
686 1643 748 1683 sq.
772 1633 846 1681 „at
866 1644 1067 1684 magnum
1094 1630 1206 1682 fecit,
1239 1630 1352 1683 quod
1374 1629 1511 1670 verbis·
1533 1629 1698 1670 Graeca

197 1703 362 1745 Latinis
398 1704 570 1745 miscuit
609 1736 617 1744 .
651 1735 660 1744 .
690 1707 740 1745 .“
783 1704 809 1745 i.
849 1718 884 1747 e.
930 1709 976 1746 at
1020 1718 1220 1758 magnum
1270 1704 1369 1745 fecit
1409 1702 1523 1756 quod
1559 1701 1697 1744 verbis

201 1767 368 1819 Latinis
399 1776 565 1823 Graeca
602 1777 834 1818 immiscuit
864 1778 951 1819 sive
981 1778 1276 1819 intermiscuit.
1311 1777 1383 1819 Sin
1406 1781 1550 1817 autem
1580 1775 1698 1818 abla—

200 1849 333 1891 tivum
365 1850 568 1893 adhibere
601 1851 804 1893 voluisset
836 1854 976 1906 poeta,
1008 1851 1231 1893 dicendum
1274 1857 1384 1892 erat:
1427 1854 1473 1891 at
1500 1864 1699 1904 magnum

200 1924 301 1972 fecit
348 1925 460 1978 quod
497 1925 626 1966 verba
671 1925 845 1966 Graecis
890 1925 1045 1967 Latina
1093 1927 1277 1966 miscuit.
1353 1924 1550 1966 Ceterum
1594 1923 1701 1965 haec

146 2056 149 2057 γ
199 1995 329 2039 verba
358 1998 517 2052 optime
547 1998 639 2053 ipse
669 2001 798 2053 poeta
829 1998 1057 2053 explicavit
1086 1998 1199 2040 infra
1224 2013 1260 2039 v.
1290 2002 1342 2039 27
1366 2011 1477 2059 sqq.:⁴
1511 1998 1702 2049 „scilicet

199 2069 358 2112 oblitus
402 2072 570 2125 patriae
615 2072 837 2126 patrisque
882 2072 1026 2112 Latini
1065 2104 1072 2111 .
1107 2104 1115 2111 .
1150 2104 1159 2113 .
1203 2072 1355 2125 patriis
1406 2071 1703 2112 intermiscere

197 2144 337 2196 petita
367 2144 496 2187 verba
526 2145 629 2186 foris
659 2144 794 2195 malis,
840 2145 1041 2186 Canusini
1066 2159 1182 2185 more
1214 2145 1416 2198 bilinguis
1429 2145 1497 2195 ⁸2²⁸,
1537 2144 1589 2185 de
1620 2158 1704 2197 quo

162 2218 168 2221 ’
198 2215 293 2257 loco
323 2215 518 2269 pluribus
549 2217 689 2260 verbis
730 2231 835 2271 opus
875 2231 959 2259 non
996 2222 1080 2270 est,
1123 2232 1251 2271 quum
1291 2232 1370 2259 vox
1405 2218 1586 2271 „patriis
1629 2218 1705 2271 (sc.

198 2287 386 2344 verbis)“
419 2290 521 2343 quin
552 2292 607 2333 sit
638 2292 820 2343 dativus,
851 2296 1027 2345 propter
1057 2291 1256 2343 verbum,
1302 2291 1648 2341 „intermiscere‘
1667 2290 1702 2346 5)

206 2362 381 2404 dubium
412 2378 504 2406 esse
534 2379 619 2408 non
648 2367 798 2420 possit.

304 2478 324 2517 ¹)
349 2476 514 2512 Proxime
538 2478 583 2513 ad
607 2479 702 2514 hunc
726 2480 841 2514 locum
866 2478 1001 2514 accedit
1029 2478 1186 2512 eiusdem
1220 2479 1385 2513 carminis
1411 2491 1441 2513 v.
1467 2479 1529 2514 35:
1559 2478 1707 2523 „quodsi

201 2546 255 2594 me
278 2537 397 2582 lyricis
421 2540 561 2575 vatibus
585 2541 753 2590 insereS.“

292 2599 319 2641 ²)
345 2599 388 2634 cf.
413 2610 517 2637 carm.
543 2602 569 2645 Ι,
604 2603 634 2645 1,
659 2605 712 2637 30.

293 2663 322 2702 ³)
349 2663 516 2698 Similiter
531 2664 716 2708 ,‚iunctus“
735 2666 1037 2710 pro„a‹liunctus“
1055 2676 1131 2699 cum
1150 2666 1269 2700 dativo
1287 2667 1511 2701 coniunctum
1528 2667 1707 2701 invenitur

202 2717 239 2751 in
263 2728 365 2752 carm.
391 2718 453 2761 ΙΙΙ,
482 2719 534 2762 19,
563 2720 620 2765 17;
645 2721 671 2764 Ι,
695 2724 727 2764 4,
753 2722 784 2764 6,
809 2722 888 2756 aliis
911 2722 1008 2756 locis.

300 2775 322 2817 ¹)
348 2774 404 2809 Sic
428 2774 557 2819 legitur
580 2776 617 2810 in
643 2789 746 2814 carm.
780 2778 840 2821 IV,
866 2779 896 2821 1,
921 2778 975 2822 25,
1006 2789 1058 2823 sq.
1083 2779 1160 2813 loco
1194 2780 1262 2814 iam
1289 2790 1396 2824 supra.
1420 2784 1706 2815 commemorato:

201 2830 296 2871 „illic
320 2831 374 2865 bis
398 2833 500 2876 pueri
524 2832 580 2867 die
606 2844 735 2869 numen
761 2846 838 2869 cum
864 2836 994 2870 teneris
1021 2837 1216 2880 virginibus
1241 2864 1250 2872 .
1277 2866 1283 2871 .
1310 2865 1319 2873 .
1346 2841 1381 2872 .“

298 2886 322 2931 ⁵)
351 2887 507 2924 Verbum
542 2889 807 2927 intermiscendi
837 2901 983 2937 perraro
1015 2892 1052 2926 in
1098 2892 1307 2928 Latinorum
1349 2894 1488 2938 scriptis
1521 2895 1706 2938 reperitur.

1414 2962 1436 2995 3
