1880 3148
889 157 980 230 13⁴

127 379 135 389 ⁷
253 307 434 371 .LNam
452 322 652 382 'praeter
670 323 748 367 ina
777 324 972 380 exempla
1002 338 1024 366 e
1056 313 1317 366 carminibus
1347 324 1507 378 petita,
1550 337 1660 379 quae

221 401 499 451 c.ereferenda
527 413 612 442 non
643 413 735 440 esse
765 399 870 440 satis
900 413 967 441 me
998 398 1471 452 demonstrasse-puto,
1502 399 1662 442 indica-

196 472 274 519 'vus
303 475 504 531 similiter
529 477 659 527 atque
690 472 770 514 hoc
800 472 894 515 loco
916 486 1011 514 cum
1041 473 1263 514 enuntiato
1289 475 1413 524 „sunt
1433 474 1530 527 qui“
1564 487 1663 516 con-

140 586 152 599 .»
201 543 332 594 'uetus
360 534 427 591 bis
440 548 473 605 1)
504 551 674 590 tantum
702 546 862 601 legitur
881 580 890 598 ,
937 546 1230 589 coniunctivus
1260 549 1404 588 autem
1434 548 1570 589 sexies
1599 548 1685 589 in-.

143 610 342 671 ,venitun
401 623 553 677 ltaque
593 625 796 675 apparet,
843 621 1120 662 indicativum
1152 634 1248 661 cum
1279 621 1503 662 enuntiato
1540 626 1662 672 ,sunt

130 696 140 743 ζ’,
160 693 259 753 ᾀιιί“
289 699 566 746 ,οοιιίιιιιοῑιιιιι
606 696 651 736 in
685 694 949 736 sermonibus
990 694 1160 748 quidem
1202 695 1407 736 rariorem
1441 709 1532 737 esse
1563 708 1660 736 con·

143 773 452 815 structionem.
496 770 637 821 Quare
660 768 808 811 Orellii
830 768 1149 810 adnotationem
1180 768 1240 809 sic
1270 772 1482 810 mutatam
1513 766 1661 811 velim:

151 832 241 887 lioo
281 845 373 887 loco
415 843 708 886 coniunctivus
755 841 1060 896 praeferendus
1097 846 1176 883 est.
1238 841 1355 884 Haec
1402 843 1514 884 enim
1562 856 1661 884 con-

75 910 83 972 s
106 902 136 956 ‚7
162 918 344 969 structio
374 917 555 959 Horatio
586 915 714 957 solita
743 915 822 957 hoc
860 915 954 957 loco
984 916 1089 956 satis
1127 916 1254 956 etiam
1287 930 1313 957 a
1344 915 1562 957 codicibus
1590 915 1662 957 fir-

60 991 72 1051 ss
109 971 129 1024 *f
154 995 317 1037 matur.
378 990 527 1044 Neque
557 989 655 1044 plus
686 989 848 1040 valent,
882 1002 991 1043 quae
1021 990 1152 1030 ceteri
1182 990 1438 1044 interpretes
1469 989 1525 1031 ad
1554 989 1662 1031 indi-

64 1062 77 1080 ’·”
105 1046 348 1122 · ”<;,3,1;ἰνιιῐιι
379 1063 713 1107 confirmandum
747 1062 1050 1105 disseruerunt.
1111 1064 1237 1115 Quos⁷
1269 1077 1399 1118 quum
1422 1065 1663 1106 coniuncti-

16 1131 104 1177 “Ῑ·’ἑ
165 1144 241 1182 vus
272 1140 358 1193 iam
388 1153 473 1181 non
503 1136 754 1190 indubium
786 1138 928 1179 vocari
971 1138 1128 1192 possit,
1173 1152 1240 1179 me
1281 1138 1474 1180 refellere
1518 1153 1662 1193 super-

145 1198 393 1255 >¹vacaneum
424 1215 543 1267 puto.
590 1210 806 1253 Holderus
828 1212 938 1252 enim
960 1212 1004 1252 in
1026 1212 1255 1253 satirarum
1285 1212 1470 1254 editione
1496 1213 1660 1264 critica,

134 1292 140 1311 ³
165 1300 292 1342 quam
330 1300 465 1341 nuper
511 1285 711 1342 edidit,2)
750 1299 880 1339 quum
909 1286 1191 1340 plurimorum
1221 1300 1452 1341 eorumque
1483 1287 1663 1342 optimo-

144 1375 256 1403 rum
287 1361 479 1403 codicum
510 1362 782 1412 auctoritate,
814 1364 906 1401 tum
926 1360 1229 1413 Porphyrionis
1260 1364 1304 1401 et
1331 1361 1509 1402 Acronis
1541 1362 1661 1402 testi-

161 1435 315 1478 moniis
344 1435 462 1476 nisus
498 1434 689 1487 „videar“
725 1434 768 1476 in
799 1437 965 1476 textum
995 1434 1198 1476 restituit.
1242 1434 1360 1485 Quae
1381 1434 1511 1477 lectio
1532 1448 1658 1489 quam

39 1529 61 1564 3
160 1498 269 1552 bene
298 1522 395 1551 cum
426 1507 590 1563 legibus
621 1522 752 1563 supra
782 1508 1026 1550 constitutis
1057 1509 1302 1561 conveniat,
1343 1509 1439 1562 quis
1469 1512 1553 1561 est,
1585 1509 1659 1563 qui

107 1608 113 1612 ·
161 1597 248 1625 non
275 1583 522 1636 intelligat?
576 1583 817 1635 Unicuique
848 1583 959 1624 enim
979 1587 1117 1624 totam
1137 1583 1247 1624 hanc
1277 1583 1453 1624 satiram
1483 1582 1661 1637 diligen-

64 1641 75 1651 ‘
140 1659 248 1699 »tter
258 1655 495 1711 perlegenti
534 1656 663 1699 facile
692 1655 938 1712 apparebit,
979 1655 1125 1698 verba:
1176 1659 1299 1709 „sunt
1336 1655 1491 1711 quibus
1521 1690 1529 1698 .
1563 1691 1572 1701 .

50 1778 55 1783 ι,
139 1730 308 1785 'videar
339 1763 349 1772 .
383 1763 391 1769 .
425 1762 434 1770 .
468 1734 508 1770 .“
557 1744 650 1772 esse
686 1733 841 1783 poetae
892 1730 1155 1783 indignantis
1201 1734 1244 1771 et
1287 1730 1411 1772 valde
1449 1732 1658 1784 mirantis,

63 1789 78 1821 2,
96 1804 101 1817 ²
124 1841 136 1857 .-
162 1801 279 1858 quod
309 1803 464 1856 aliquis
494 1803 539 1845 in
570 1804 715 1846 satiris
747 1805 834 1846 suis
867 1803 1102 1847 offenderit.
1148 1803 1266 1845 Haec
1296 1805 1408 1846 enim
1430 1820 1465 1846 v,
1490 1808 1541 1846 62
1565 1819 1656 1860 sqq.

148 1876 326 1932 ‚profert
354 1879 503 1931 poeta:
541 1911 585 1930 „.
705 1877 880 1932 .quid?
912 1891 1007 1919 cum
1038 1881 1104 1919 est
1125 1878 1317 1919 Lucilius
1346 1892 1475 1921 ausus
1494 1880 1658 1934 primus

66 1942 104 2003 ἵ]
142 1951 214 1994 :in
249 1951 362 1993 hunc
405 1953 547 2006 operis
587 1967 841 2007 componere
880 1953 1071 1995 carmina
1115 1967 1299 2006 morem,
1346 1953 1571 1997 detrahere
1615 1958 1659 1997 et

155 2024 329 2080 pellam,
360 2025 522 2067 nitidus
552 2041 639 2080 qua
669 2027 847 2081 quisque
878 2040 954 2081 per
982 2040 1057 2068 ora
1089 2027 1279 2079 cedeiffet
1310 2028 1542 2070 introrsum
1568 2032 1658 2070 tur-

70 2092 226 2159 J'Jjsspis
261 2112 390 2139 num
386 2099 569 2141 Laelius
614 2105 689 2142 aut
731 2102 803 2154 qui
844 2101 966 2142 duxit
997 2101 1050 2142 ab
1082 2115 1286 2154 oppressa
1325 2102 1525 2143 meritum
1556 2101 1658 2144 Car-

133 2170 335 2227 sthagine
366 2186 541 2226 nomen,
575 2175 757 2233 ‘ingenio
788 2174 948 2227 offensi,
989 2178 1065 2216 aut
1108 2175 1225 2217 laeso
1266 2174 1439 2217 doluere
1481 2175 1656 2218 Metello

145 2238 419 2308 -bfamosisque
455 2247 577 2301 Lupo
619 2253 820 2303 cooperto
857 2248 1078 2290 versibus?
1117 2249 1237 2302 atqui
1273 2250 1480 2303 primores
1508 2249 1657 2303 populi

64 2371 71 2381 ι
156 2320 341 2374 arripuit
370 2322 660 2377 populumque
680 2323 914 2366 tributim.“
973 2323 1126 2376 Itaque
1155 2323 1266 2364 hanc
1290 2323 1378 2365 fere
1399 2323 1656 2365 sententiam

65 2381 290 2457 fssfvfferba
325 2399 448 2445 „sunt
468 2395 622 2449 quibus
655 2430 664 2438 .
697 2429 707 2438 .
738 2431 748 2440 .
781 2430 792 2441 .
823 2397 969 2438 videar
1001 2429 1009 2437 .
1044 2429 1051 2436 .
1086 2431 1092 2437 .
1128 2409 1169 2437 .··
1207 2396 1371 2438 efficere
1391 2398 1493 2438 mihi
1514 2397 1656 2439 viden-

163 2618 172 2625 ἦ
258 2581 374 2627 ’γεεεᾱ
401 2592 448 2617 ne
478 2582 535 2618 his
559 2584 699 2628 quidem
723 2585 810 2620 locis
833 2585 1061 2620 indicativum
1085 2589 1180 2620 recte
1211 2594 1250 2620 se
1273 2584 1419 2627 habere,
1449 2588 1573 2629 postea
1596 2584 1655 2619 de-

147 2643 354 2686 monstrare
377 2644 538 2680 studebo.

126 2746 131 2750 .
165 2742 169 2749 ,
223 2738 228 2740 -
252 2720 281 2764 ²)
303 2718 446 2754 Kelleri
479 2723 515 2753 et
533 2720 697 2757 Holderi
733 2722 888 2757 omnium
926 2723 1123 2757 criticarum
1157 2721 1348 2757 editionum
1379 2722 1546 2767 optimam
1577 2731 1657 2756 esse

14 2830 56 2835 ⁷,
129 2780 305 2848 ‹ymni-xta&
360 2781 438 2817 Vol.
467 2782 513 2818 II
547 2783 631 2820 fase
671 2785 698 2821 ·I.
729 2786 856 2820 satiras
896 2786 1133 2820 continentem
1175 2785 1285 2821 edidit
1322 2784 1466 2820 Holder.
1506 2789 1656 2819 exeunte

135 2836 252 2915 ἰιιιιο
275 2843 567 2881 MDCCCLXIX.
