1880 3148
206 24 304 40 ,,,,,,

931 188 982 227 31

5 346 22 377 y
141 351 144 353 Δ
190 322 435 374 Romanos,
468 323 517 363 ut
546 322 695 361 nostra
726 322 883 373 aetate,
915 333 1124 361 summum
1156 323 1284 372 atque
1314 318 1530 373 proprium
1563 321 1706 374 poe'ta-

31 381 39 386 ·
146 442 151 446 ἡ
203 388 299 449 rum
336 409 489 437 munus
532 392 677 444 fuerit,
713 393 898 433 iucunda
942 392 1152 445 quaedam
1193 392 1371 433 dicendo
1406 392 1598 433 homines
1636 393 1707 434 de-

206 468 379 511 lectare.
442 467 525 511 Sed
555 469 704 508 notum
727 470 792 508 est
822 466 935 520 apud
957 466 1170 508 Romanos
1199 479 1327 520 quum
1357 466 1541 507 omnium
1563 480 1704 508 rerum

186 547 296 584 ·tum
333 544 471 596 poe’sis
511 555 721 582 summum
759 539 884 581 finem
921 540 1052 581 fuisse
1090 540 1336 581 utilitatem.
1396 539 1500 580 Inde
1545 540 1705 581 factum

206 618 294 667 est,
334 619 383 656 ut
414 614 623 662 carmina,
662 612 817 667 quibus
859 617 1091 668 praecepta
1128 613 1337 667 quaedam
1374 613 1706 664 continerentur,

204 688 377 730 maximi
407 673 739 729 aestimarentur
770 687 1105 740 colerenturque.
1128 687 1159 742 ¹)
1220 687 1342 738 Quid,
1381 686 1493 739 quod
1536 686 1706 727 Horatii

205 743 366 814 scripta
401 760 488 801 fere
527 760 669 801 omnia
700 765 741 801 et
786 760 976 800 carmina
1005 763 1048 800 et
1080 773 1295 801 sermones
1325 759 1381 800 ad
1411 759 1602 800 homines
1633 759 1706 801 do-

206 833 362 877 cendos
400 832 738 886 erudiendosque
780 832 1013 886 composita
1061 833 1187 874 sunt?
1248 833 1389 883 Quare
1431 833 1625 875 consulto
1663 836 1708 874 et

99 907 103 909 ’
136 952 140 956 ,
206 906 393 960 cogitate
422 907 561 960 primo
602 905 696 947 loco
737 906 879 960 posuit
909 905 1136 947 Horatius:
1181 911 1283 958 „aut
1319 907 1520 961 prodesse
1559 906 1707 948 volunt

153 1005 159 1008 „
198 981 283 1038 (se.
314 980 526 1037 poetae)“,
572 981 728 1035 quippe
760 980 873 1034 quod
905 995 1113 1022 summum
1146 987 1255 1023 esset
1285 985 1508 1035 poetarum
1540 996 1705 1034 munus,

205 1055 408 1098 secundo:
442 1058 543 1107 „aut
584 1054 796 1096 delectare
835 1056 1028 1108 poetaef‘
1090 1055 1315 1109 Repugnat
1351 1046 1483 1110 igitur
1519 1057 1591 1108 iis,
1632 1056 1706 1110 qui

208 1130 440 1170 utilitatem
474 1129 612 1169 solum
641 1128 782 1182 poesis
812 1127 936 1169 finem
971 1143 1061 1170 esse
1086 1133 1251 1182 putent.
1313 1130 1420 1170 Nam
1450 1131 1585 1183 ipsius
1615 1145 1707 1172 sen-

207 1201 346 1243 tentia
376 1201 431 1243 ad
477 1201 710 1243 utilitatem
740 1201 919 1243 accedat
957 1203 1146 1243 suavitas
1184 1202 1394 1256 quaedam
1433 1207 1476 1245 et
1512 1203 1704 1255 dulcedo,

204 1275 415 1328 simulque
445 1274 600 1316 idonea
629 1276 743 1316 vitae
774 1278 817 1315 et
846 1275 1030 1316 iucunda
1068 1276 1213 1316 dicant
1242 1278 1393 1329 poetae
1423 1290 1595 1318 necesse
1625 1281 1702 1317 est.

899 1424 934 1478 ξ.
968 1426 1006 1465 6.

230 1552 233 1553 ⁷
341 1512 544 1554 Venimus
585 1513 641 1554 ad
670 1513 808 1555 locum
849 1513 902 1555 ab
932 1514 1240 1568 interpretibus
1276 1516 1391 1557 varie
1432 1516 1702 1569 explicatum,

206 1585 279 1638 qui
309 1585 467 1639 legitur
496 1587 541 1627 in
572 1600 700 1628 carm.
733 1587 804 1640 IV,
841 1592 875 1640 1,
908 1591 958 1629 21
992 1602 1106 1642 sqq.:
1140 1589 1253 1641 „illic
1286 1621 1294 1630 .
1328 1622 1336 1630 .
1371 1622 1379 1630 .
1412 1623 1422 1632 .
1453 1589 1631 1643 lyraque
1662 1593 1706 1631 et

206 1651 489 1713 Berecynthia
539 1660 805 1704 delectabere
849 1663 955 1704 tibia
998 1664 1141 1705 mixtis
1179 1663 1437 1706 carminibus
1481 1678 1566 1706 non
1613 1664 1704 1705 sine

205 1732 389 1785 fistula“‚
410 1734 436 1774 i.
461 1748 496 1776 e.
519 1734 786 1779 delectabere
809 1737 1067 1780 carminibus
1089 1739 1328 1780 commixtis
1349 1739 1435 1780 sive
1457 1738 1703 1793 compositis

207 1821 257 1847 ex
287 1807 415 1860 lyrae,
447 1806 577 1850 tibiae
608 1810 927 1864 Berecynt-hiae,
968 1811 1135 1853 fistulae
1168 1812 1316 1854 modis.
1335 1813 1368 1868 2“)
1410 1812 1523 1853 Voce
1554 1813 1705 1854 carmi-

205 1871 329 1922 nibus
357 1880 490 1934 igitur
511 1896 646 1936 aeque
677 1888 805 1937 atque
834 1885 878 1926 in
899 1885 1020 1939 epod.
1055 1889 1091 1938 9,
1125 1889 1161 1927 5.
1185 1887 1461 1940 symphoniae
1491 1886 1702 1939 quaedam

208 1967 259 1995 ex
296 1953 431 2007 lyrae,
474 1955 624 2008 tibiae,
661 1956 830 2006 fistulae
860 1958 997 2000 modis
1040 1959 1299 2013 compositae
1338 1958 1647 2013 significantur.
1667 1959 1701 2015 3)

207 2026 322 2069 Haec
367 2042 462 2070 mea
507 2033 573 2071 est
612 2030 665 2073 de
701 2031 782 2074 hoc
818 2032 912 2074 loco
954 2032 1202 2075 difficillimo
1239 2034 1461 2075 sententia.
1531 2033 1703 2086 Keller„

208 2099 352 2153 OrelL,
384 2102 583 2157 Dillenb.,
617 2105 736 2148 Ebel.
768 2111 913 2149 autem
944 2108 1124 2149 alteram
1159 2107 1383 2150 lectionem
1421 2108 1703 2162 plurimorum

186 2174 401 2216 codicum
430 2180 687 2221 auctoritate
728 2180 1021 2222 confirmatam
1053 2182 1281 2235 „lyraeque
1322 2186 1366 2223 et
1395 2183 1704 2238 Berecynthiae

183 2247 473 2292 delectabere
505 2252 637 2295 tibiae
667 2254 812 2296 mixtis
849 2254 1104 2296 carminibus
1143 2269 1226 2297 non
1269 2256 1357 2297 sine
1388 2256 1560 2299 fistula“
1594 2272 1705 2300 com·

203 2316 511 2377 probaverunt,
558 2340 682 2369 voces
721 2328 886 2382 lyrae“,
933 2327 1116 2380 „tibiae“
1163 2328 1328 2371 dativos
1371 2330 1645 2384 explicantes.
1667 2332 1704 2387 ⁴)

247 2459 254 2465 '
299 2461 327 2503 ¹)
351 2459 536 2497 cf..Teuff.
564 2462 664 2498 Rom.
689 2463 816 2500 Litter.
842 2476 877 2509 p.
902 2463 956 2499 29.

297 2521 322 2566 Ἰ)
346 2522 399 2556 De
422 2525 687 2579 praepositione
711 2529 798 2570 „ex“
823 2527 950 2561 omissa
975 2527 1018 2561 cf.
1042 2527 1073 2572 ξ.
1097 2527 1129 2562 2.

300 2585 324 2629 3)
348 2584 484 2620 Eadem
498 2586 734 2624 instrumenta
748 2589 1009 2634 coniunguntur
1033 2600 1136 2625 carm.
1162 2591 1223 2634 HI,
1251 2591 1303 2635 19,
1332 2593 1376 2627 18
1400 2603 1495 2638 sqq.:
1522 2620 1553 2636 „.
1576 2620 1586 2629 .
1611 2620 1620 2630 .
1644 2604 1707 2629 cur

135 2691 137 2693 q
204 2646 461 2691 Berecynthiae
485 2654 626 2683 cessant
648 2649 792 2685 flamina
814 2651 949 2686 tibiae?
975 2662 1036 2685 cur
1051 2652 1184 2696 pendet
1206 2654 1314 2689 tacita
1336 2654 1453 2689 fistula
1478 2666 1555 2689 cum
1579 2656 1654 2700 lyra
1664 2655 1703 2690 ?“

298 2709 325 2755 ⁴)
352 2708 393 2743 cf.
420 2708 549 2745 Orell.·
584 2712 709 2754 „unice
732 2720 828 2748 recte
853 2713 977 2757 dativi,
1009 2717 1049 2748 ut
1081 2714 1182 2758 epod.
1216 2715 1247 2759 9,
1272 2717 1327 2752 5.“
1351 2716 1493 2752 Dillenb
1513 2729 1521 2753 ε
1544 2717 1611 2760 „de
1634 2717 1705 2753 dat.

204 2771 295 2816 epod
331 2772 362 2814 9,
384 2772 439 2808 53⁴
485 2772 576 2806 Ebel
613 2774 634 2808 l.
661 2775 685 2810 l.
709 2775 741 2821 ξ.
766 2776 788 2809 2
812 2787 845 2811 11.
871 2779 918 2809 1.:
943 2777 1071 2819 „semel
1089 2780 1211 2820 (carm.
1236 2778 1295 2820 IV,
1323 2782 1351 2821 1,
1369 2779 1427 2821 22)
1455 2784 1490 2813 et
1512 2780 1704 2823 genitivum

203 2831 394 2875 opinantur
417 2834 630 2880 interpretes
653 2838 825 2881 nonnulli,
850 2838 913 2873 sed
936 2838 1097 2873 iniuria.“
