1880 3148
190 48 309 71 ‘.‘--‘:'.

948 225 1000 266 37

187 354 195 391 ⁷·
229 364 501 414 con-firmare,
544 374 676 416 quum
706 360 751 401 in
780 373 1036 414 unoquoque
1066 358 1154 401 fere
1190 359 1375 401 carmine
1414 359 1521 401 talia
1550 358 1723 413 partici-

226 439 299 495 pia
325 438 543 492 legantur,
579 433 748 476 videtur
778 447 1139 488 supervacaneum
1176 446 1280 475 esse.
1342 432 1458 475 Solet
1494 432 1606 474 enim
1637 432 1723 474 Ho-

197 512 363 554 *ratius
391 510 468 550 illa
499 507 701 549 adhibere
732 508 921 560 exceptis
952 508 1005 548 iis
1036 507 1159 558 locis,
1197 506 1270 547 ubi
1306 507 1535 560 participia
1565 506 1723 547 oratio-

226 599 321 629 nem
352 583 493 626 minus
529 579 806 635 profluentem
845 580 1167 634 elegantemque
1204 579 1444 621 redderent.
1506 579 1587 621 Sed
1619 592 1723 620 non-

226 658 344 700 nulla
374 654 553 696 dicenda
584 667 674 694 esse
710 658 815 706 puto
856 654 908 695 de
938 655 1177 707 participiis
1221 658 1264 695 et
1295 654 1516 694 masculini
1548 658 1590 692 et
1620 667 1721 692 neu·

196 731 340 774 'trius‘
375 727 541 783 generis
581 727 703 781 quasi
742 741 819 782 pro
859 726 1135 770 substantivis
1165 727 1329 782 positis.
1394 726 1719 781 Nonnumquam

227 805 336 845 enim
377 801 604 855 participia
649 802 886 854 praesentis
932 806 975 842 et
1015 803 1236 854 praeteriti
1282 801 1519 854 temporis,
1553 800 1720 852 generis

127 882 136 889 ⁸
172 913 177 926 ἶ
226 875 462 925 masculini,
491 878 534 915 et
564 888 589 915 a
619 874 757 928 poetis
789 878 832 916 et
862 889 888 916 a
918 874 1083 916 solutae
1108 875 1312 916 orationis
1344 873 1621 928 scriptoribus
1641 887 1719 927 pro

231 950 289 1000 „is
326 948 416 1001 qui3
463 948 499 988 ei
542 947 662 1000 qui“;
709 946 918 988 similibus
961 952 1246 1000 usurpal'itur,
1291 946 1364 987 ubi
1396 952 1543 987 nostra
1573 947 1720 999 lingua

225 1021 502 1063 substantivis
532 1020 787 1073 verbalibus,
820 1035 928 1074 quae
952 1024 1169 1072 vocantur,
1203 1021 1376 1072 utimur,
1408 1021 1522 1061 velut
1541 1033 1620 1074 pro
1646 1019 1720 1071 „is,

0 1144 9 1154 ‘
67 1086 76 1099 *
111 1082 116 1126 ἶ
172 1131 176 1135 .
226 1095 299 1149 qui
330 1094 475 1136 audit“
508 1094 686 1135 dicimus
722 1094 821 1146 „der
851 1094 1080 1137 Zuhiireffl.
1128 1097 1264 1148 Atque
1294 1094 1338 1135 in
1369 1091 1590 1148 poetarum
1623 1106 1721 1147 ope-

223 1168 341 1210 ribus
370 1182 515 1209 omnes
547 1182 669 1209 casus
700 1172 744 1209 et
774 1172 954 1222 uterque
974 1183 1175 1210 numerus
1204 1169 1373 1210 illorum
1396 1167 1717 1222 participiorum

183 1260 187 1263 ’
216 1241 507 1286 inveniuntur.
570 1241 717 1283 Cicero
749 1246 913 1294 autem,
951 1242 1121 1294 Caesar,
1153 1243 1226 1283 alii
1256 1242 1356 1284 boni
1386 1241 1596 1295 pedestris
1626 1254 1721 1282 ora-

224 1316 351 1357 tionis
383 1316 612 1373 scriptores
643 1316 904 1356 nominativo
937 1319 979 1356 et
1010 1318 1252 1357 accusativo
1289 1315 1457 1369 quidem
1492 1314 1719 1367 singularis

169 1404 171 1406 ’
223 1389 388 1430 numeri
426 1389 494 1434 usi
534 1402 617 1429 non
656 1393 767 1432 sunt.
830 1388 959 1430 Cuius
1009 1389 1070 1430 rei
1108 1389 1229 1430 testis
1267 1392 1333 1430 est
1375 1388 1558 1441 Madvig.
1602 1387 1649 1443 (l.
1690 1387 1718 1429 l.

223 1464 258 1517 ξ.
282 1463 397 1515 425).
430 1462 480 1503 cf.
507 1463 634 1502 etiam
666 1462 847 1503 Schultz.
872 1462 917 1518 (1.
941 1463 964 1503 l.
987 1464 1021 1516 ξ.
1054 1466 1149 1514 408,
1182 1465 1218 1503 2.
1251 1462 1366 1517 adn).
1430 1461 1565 1503 Simili
1593 1460 1719 1502 modo

164 1571 168 1574 .
205 1539 354 1589 ,atque
385 1535 521 1576 multo
554 1536 722 1589 saepius
753 1535 981 1590 participia
1019 1536 1184 1590 generis
1225 1536 1417 1577 neutrius
1449 1535 1719 1587 adhibentur,

223 1608 295 1650 ubi
334 1613 409 1650 aut
447 1610 726 1650 enuntiatum*
751 1609 975 1650 relativum
1013 1613 1089 1650 aut
1125 1610 1352 1663 participia
1390 1623 1483 1649 cum
1524 1609 1720 1650 substan-

224 1683 310 1724 tivo
347 1687 459 1734 „res“
497 1682 720 1724 coniuncta
755 1686 1068 1736 exspectantur.
1111 1684 1250 1735 Atque
1281 1683 1325 1724 in
1356 1683 1497 1724 soluta
1527 1682 1720 1724 oratione

222 1769 301 1810 pro
334 1756 569 1797 enuntiatis
606 1756 691 1797 illis
730 1757 891 1797 usitata
929 1760 1028 1797 sunt
1057 1762 1209 1798 neutra
1246 1756 1567 1810 participiorum
1600 1769 1722 1810 prae-

214 1828 361 1882 teri-ti,
394 1832 535 1871 rarius
564 1831 822 1883 praesentis,
860 1831 1077 1872 rarissime
1109 1830 1241 1872 futuri
1272 1831 1475 1884 temporis
1504 1830 1723 1872 inveniun-

111 1907 119 1914 ’
194 1943 198 1944 ⁷
228 1904 311 1943 tur.
326 1901 358 1959 1)
419 1902 467 1944 In
499 1902 668 1945 Horatii
699 1907 843 1945 autem
874 1903 995 1945 libris
1024 1904 1130 1945 haec
1161 1904 1303 1945 omnia
1334 1904 1522 1958 exceptis
1552 1903 1726 1958 partici-

227 1977 309 2030 piis
342 1977 475 2018 futuri
507 1978 634 2018 activi
648 1978 679 2032 2)
715 1979 948 2019 sexcenties
987 1978 1201 2030 legunt-ur.
1263 1978 1384 2026 Quod
1422 1992 1550 2031 quam
1582 1991 1727 2018 verum

229 2050 301 2101 sit,
332 2050 548 2092 nonnullis
580 2050 783 2105 exemplis
814 2064 926 2092 nunc
957 2050 1061 2092 libet
1090 2050 1286 2105 probare.
1334 2052 1455 2106 epist.
1489 2051 1530 2104 Ι,
1565 2057 1608 2100 ὕ,
1655 2054 1725 2092 10:

235 2137 344 2176 „quo
367 2125 555 2178 cupiens,
587 2129 713 2178 pacto
738 2157 745 2165 .
770 2158 779 2166 .
804 2129 868 2176 .“;
901 2129 979 2165 sat.
1002 2125 1056 2177 II,
1089 2128 1126 2176 3,
1160 2128 1261 2165 275:
1299 2125 1577 2177 „aedificante
1607 2138 1729 2166 casas

229 2197 303 2250 qui
326 2197 469 2240 sanior
493 2232 502 2241 .
536 2232 543 2239 .
577 2203 618 2242 .“
645 2200 671 2240 i.
695 2214 728 2241 e.
752 2213 880 2253 quam
902 2198 1151 2251 aedificans3
1186 2200 1306 2253 epist.
1330 2199 1362 2251 I,
1399 2203 1461 2251 17,
1496 2202 1571 2240 44:
1610 2198 1729 2253 „plus

228 2265 431 2324 poscente
454 2271 591 2314 ferent
623 2307 630 2313 .
665 2306 675 2316 .
709 2277 753 2314 .“
788 2275 815 2317 i.
848 2288 882 2315 e.
915 2288 1042 2327 quam
1064 2288 1264 2328 poscens;
1297 2277 1378 2316 sat.
1400 2274 1455 2326 ΙΙ,
1489 2276 1526 2325 3,
1561 2276 1612 2314 53
1645 2286 1728 2326 sq.:

235 2375 280 2393 „.
315 2376 322 2383 .
358 2376 367 2386 .
400 2350 464 2386 est
495 2361 627 2400 genus
658 2362 783 2389 unum
819 2381 829 2390 .
862 2382 869 2388 .
905 2381 911 2389 .
945 2349 1133 2389 timentis
1157 2382 1165 2390 .
1195 2381 1202 2388 .
1228 2354 1294 2397 .“;
1332 2363 1458 2389 carm.
1494 2348 1552 2398 ΙΙ,
1589 2349 1652 2398 16,
1686 2349 1728 2388 2:

236 2429 444 2469 „prensus
467 2420 636 2472 Aegaeo
659 2453 667 2460 .
693 2454 699 2460 .
724 2427 789 2472 .“;
829 2436 958 2464 carm.
981 2423 1057 2473 III,
1091 2426 1127 2472 l,
1150 2425 1220 2462 25;
1259 2421 1597 2472 „desiderantem
1617 2420 1731 2474 quod

108 2525 116 2532 .
136 2494 148 2502 ”
172 2527 197 2545 ⁷-
230 2490 335 2530 satis
366 2495 431 2531 est
463 2523 474 2533 .
507 2525 516 2533 .
548 2498 611 2534 .“.
666 2495 802 2536 Semel
833 2496 960 2536 etiam
993 2496 1265 2549 participium
1298 2495 1431 2535 futuri
1463 2496 1622 2547 passivi
1652 2496 1730 2536 hoc

327 2676 348 2721 ¹)
372 2677 417 2711 cf.
443 2677 643 2714 Gernhardi
667 2680 837 2725 opuscula
860 2692 894 2725 p.
922 2682 1000 2716 139:
1025 2681 1141 2725 „nude
1165 2691 1249 2715 vero
1274 2681 1389 2725 posita
1415 2681 1524 2715 futuri
1549 2681 1732 2726 utriusque

229 2732 574 2785 participia'rariora
598 2746 681 2778 sunt
704 2744 799 2789 apud
824 2743 1059 2780 Ciceronem.“

322 2802 349 2845 ²)
364 2802 481 2837 Unum
496 2804 722 2850 participium
737 2806 920 2850 „futurus“
938 2807 1089 2841 occurrit
1100 2807 1202 2851 epist.
1219 2807 1262 2850 ΙΙ,
1279 2810 1310 2849 3,
1330 2807 1414 2841 172:
1432 2832 1452 2850 ,‚
1463 2833 1471 2841 .
1489 2834 1496 2840 .
1513 2833 1521 2842 .
1538 2806 1732 2850 avidusque

231 2862 372 2916 futuri,“
396 2864 475 2899 aliis
496 2865 593 2900 locis.
