1880 3148
99 356 103 360 ’
152 371 397 427 fungantur.
412 371 450 429 ²)
510 369 703 413 Fuerunt
731 372 897 423 tamen,
927 371 1020 426 qui,
1062 372 1206 415 neseio
1236 369 1391 428 quibus
1417 370 1682 418 rationibus·
1727 368 1779 427 gf„
1827 417 1831 419 ,

152 444 292 497 ducti,
331 458 479 501 vocem
509 443 679 497 „tibiis“
711 443 901 486 dativum
942 448 1159 499 putarent.
1174 446 1221 502 ²)·
1269 445 1460 497 Quorum
1487 449 1661 493 senten-1
1851 483 1858 486 A.

151 518 259 560 tiam
281 517 477 561 refellere
507 531 870 572 supervacaneum
907 522 1024 573 puto.
1082 519 1285 562 Carmina
1309 522 1452 561 autem
1483 518 1655 572 proprie
1710 516 1715 522 ⁸

152 590 284 643 dicta,
315 604 427 645 quae
456 591 651 633 nonnulli
681 591 939 644 interpretes
968 593 1280 645 cogitaverunt,
1295 591 1329 645 ³)
1361 590 1513 642 verbis,
1544 604 1655 644 quae
1701 600 1735 621 ἐ

152 678 265 705 nunc
295 663 467 717 quidem
497 663 713 717 leguntur,
746 663 978 718 significari
1008 680 1094 708 non
1119 669 1314 720 possunt.

1766 558 1785 573 '¹
1816 566 1876 587 5-31’*

290 751 419 780 carm.
451 736 522 790 IV,
567 739 630 789 15,
669 739 721 779 29
761 750 861 792 sqq:
910 739 1093 790 „virtute
1130 738 1298 781 functos
1336 720 1661 792 morepatrum*

154 810 283 852 duces
319 810 451 866 Lydis
492 812 675 853 remixto
723 813 910 853 carmine
956 812 1072 853 tibiis
1105 845 1113 854 .
1147 845 1156 855 .
1190 845 1199 853 .
1232 845 1242 855 .
1283 815 1504 856 canemus“
1553 812 1581 852 i.
1620 825 1655 853 e.
1689 820 1694 823 '
1744 808 1752 811 ”

154 885 314 925 virtute
345 883 513 926 functos
545 917 553 925 .
588 917 597 926 .
632 917 639 925 .
673 885 859 926 carmine
885 886 1068 927 remixto
1100 899 1195 927 cum
1226 884 1358 939 Lydis
1387 883 1504 926 tibiis
1534 897 1658 926 cane-
1708 880 1716 887 ”

159 970 253 999 mus
304 957 391 999 sive
439 957 598 998 virtute
648 957 818 1000 functos
860 991 869 1000 .
907 991 914 998 .
955 992 962 999 .
997 991 1005 999 .
1057 958 1187 1013 Lydis
1236 957 1354 999 tibiis
1403 956 1657 1011 dicemus-⁵2⁴)
1709 949 1711 951 ¹

157 1031 314 1072 Vocem
347 1030 517 1083 „tibiisu
550 1030 784 1072 ablativum
822 1046 914 1073 esse
945 1032 1092 1086 liquet.
1162 1031 1363 1073 Carmina
1393 1029 1503 1072 enim
1534 1030 1658 1072 remi·
1712 1040 1742 1073 ‚-

154 1107 329 1146 scentur
344 1117 438 1145 cum
470 1103 600 1156 tibiis,
632 1118 716 1146 non
747 1105 939 1146 carmina
968 1105 1250 1147 remiscentur
1283 1103 1401 1146 tibiis
1433 1102 1574 1159 (dat),
1596 1103 1658 1145 ita
1755 1160 1763 1166 1

153 1181 201 1218 ut
233 1177 513 1228 ,‚remiscere“
545 1177 657 1218 idem
689 1177 898 1231 significet
933 1182 1064 1232 atque
1096 1180 1403 1230 „immiscere“.

293 1250 411 1293 Idem
444 1250 619 1292 verbum
650 1250 959 1306 remiscend15)
996 1266 1090 1293 cum
1122 1251 1366 1294 accusativo
1397 1254 1441 1293 et
1470 1249 1662 1293 ablativo

153 1324 425 1366 coniunctum
454 1325 643 1366 invenire
683 1325 785 1366 licet
828 1325 951 1378 epist.
992 1325 1047 1376 II,
1080 1328 1118 1377 3,
1166 1328 1242 1366 151
1276 1338 1360 1378 sq.:
1403 1327 1561 1378 „atque
1595 1324 1658 1366 ita
1698 1324 1704 1327 ’
1749 1319 1758 1323 ”

153 1398 373 1447 mentitur,
405 1399 467 1439 sic
497 1398 607 1439 veris
638 1398 748 1440 falsa
778 1398 989 1451 remiscet,
1020 1400 1159 1453 primo
1189 1413 1242 1441 ne
1272 1398 1480 1451 medium,
1517 1396 1657 1440 medio

152 1485 205 1513 ne
235 1471 448 1526 discrepet
477 1472 649 1523 imum“,
680 1472 706 1513 i.
739 1485 774 1514 e.
808 1472 867 1513 sic
898 1471 1009 1514 falsa
1040 1486 1135 1514 cum
1166 1473 1277 1514 veris
1306 1472 1534 1527 permiscet
1564 1471 1656 1513 ¹sive

155 1559 327 1587 carmen
358 1546 418 1586 sic
450 1559 501 1587 ex
531 1545 651 1587 salsis
682 1549 726 1586 et
755 1546 865 1586 veris
895 1546 1154 1598 commiscet,
1185 1549 1247 1598 ut,
1282 1559 1391 1599 quae
1423 1546 1509 1587 sint
1540 1558 1656 1596 vera,

158 1631 267 1672 quae
298 1617 420 1670 falsa,
454 1618 640 1660 discerni
670 1631 755 1660 non
784 1619 932 1673 possit.

253 1767 273 1812 ¹)
297 1766 343 1802 cf.
367 1766 399 1813 ξ.
427 1769 458 1802 1.
481 1777 515 1813 p.
539 1765 594 1801 23.

247 1831 277 1872 ²)
304 1829 349 1866 of.
375 1829 481 1865 Orell.
506 1829 552 1865 ad
577 1839 682 1865 carm.
706 1829 765 1864 IV.
800 1830 830 1872 1,
855 1829 917 1863 22:
942 1828 1067 1873 „unice
1097 1831 1194 1863 recte
1217 1827 1327 1863 dativi
1349 1830 1389 1862 ut
1411 1826 1514 1872 epod.
1537 1826 1570 1869 9,
1594 1825 1662 1869 5.,“

156 1897 193 1926 et
216 1891 372 1927 Dillenb.
396 1891 442 1926 ad
465 1891 617 1926 eundem
640 1892 773 1928 locum:
799 1892 864 1935 „de
890 1892 962 1927 dat.
987 1891 1029 1926 cf.
1055 1891 1158 1936 epod.
1184 1891 1214 1935 9,
1239 1891 1293 1926 5.“

249 1956 276 1999 ³)
309 1955 353 1991 cf.
387 1954 559 1990 Dillenb.:
590 1954 740 1999 „Dorica
777 1954 962 1990 harmonia
991 1953 1037 1990 ad
1069 1953 1214 1989 bellicos
1249 1957 1391 1995 cantus,
1422 1950 1580 1997 Phrygia
1612 1948 1661 1986 ad

154 2016 434 2061 compotationes
457 2017 660 2061 aptissima3
690 2020 839 2061 utraque
872 2017 1058 2051 coniuncta
1091 2016 1182 2051 bene
1206 2016 1374 2050 miscetur
1397 2024 1557 2057 carmen,
1591 2023 1659 2058 quo

154 2079 291 2115 laetitia
316 2079 361 2114 de
384 2078 503 2128 aliqua
526 2079 673 2114 victoria
697 2084 866 2124 percepta
893 2078 1144 2124 exprimatur.“

247 2142 274 2185 ⁴)
298 2141 341 2175 cf.
368 2151 473 2176 carm.
497 2142 524 2184 I,
552 2141 603 2184 17,
629 2142 672 2176 18
706 2152 798 2186 sqq.:
824 2167 861 2184 „.
887 2167 894 2175 .
919 2167 928 2176 .
962 2145 997 2176 et
1028 2141 1097 2175 fide
1132 2140 1220 2175 Teia
1251 2139 1347 2174 dices
1382 2138 1585 2175 laborantes
1621 2137 1660 2172 in

155 2214 225 2240 uno
252 2203 458 2248 Penelopen
483 2202 703 2248 vitreamque
727 2202 885 2238 Circen.‘⁴

248 2266 274 2309 ⁵)
298 2265 457 2300 Verbum
488 2264 697 2300 remiscendi
728 2265 942 2300 rarissimum
974 2268 1028 2299 est
1052 2268 1103 2308 et,
1134 2263 1294 2309 exceptis
1326 2262 1463 2297 duobus
1493 2261 1550 2296 his
1572 2259 1661 2296 locis

153 2327 372 2371 Horatianis,
397 2337 470 2361 non
494 2330 548 2361 est
572 2330 778 2372 usurpatum
809 2327 879 2362 nisi
908 2327 962 2362 bis
987 2338 1009 2362 a
1034 2328 1185 2362 Seneca:
1218 2326 1263 2361 de
1287 2329 1398 2361 const.
1428 2314 1598 2369 sapientis
1630 2331 1660 2357 c.

154 2390 192 2425 7:
224 2389 377 2435 „aliquis
401 2389 488 2424 mihi
511 2398 687 2424 venenum
699 2389 806 2434 dedit,
832 2389 895 2424 sed
926 2390 997 2424 vim
1021 2400 1118 2425 suam
1147 2389 1335 2424 remixtum
1365 2387 1443 2422 cibo
1473 2383 1660 2431 perdidit,“

154 2458 190 2487 et
208 2453 311 2498 epist.
329 2453 391 2487 71:
417 2455 501 2495 „aut
523 2452 561 2487 in
584 2453 762 2488 meliorem
785 2453 894 2489 vitam
919 2452 1090 2487 emittitur
1114 2456 1174 2495 (sc.
1207 2450 1358 2494 animus)
1382 2475 1392 2485 .
1417 2475 1424 2484 .
1447 2473 1458 2485 .
1481 2451 1544 2484 aut
1566 2448 1660 2482 certe

154 2516 232 2551 sine
256 2515 328 2551 ullo
352 2515 492 2550 futurus
516 2514 736 2550 incommodo
759 2518 907 2551 naturae
938 2524 1023 2550 suae
1054 2513 1298 2553 remiscebitur
1328 2515 1362 2547 et
1393 2502 1592 2547 revertetur
1621 2507 1659 2544 in

154 2580 300 2612 totum.“
366 2577 498 2611 Mirum
532 2577 673 2620 quidem
705 2578 864 2620 videtur,
908 2577 1002 2622 quod
1038 2578 1174 2612 Seneca
1213 2579 1362 2619 utroque
1397 2573 1477 2609 loco
1496 2614 1497 2617 Ἴ
1513 2570 1660 2608 verbum
1709 2584 1714 2589 ⁸
1766 2565 1789 2589 Ψ

153 2640 364 2676 remiscendi
395 2650 473 2674 cum
506 2640 722 2675 nominativo
754 2644 790 2675 et
822 2640 894 2676 dat.
923 2639 1116 2676 coniunxit.
1165 2637 1235 2673 Sed
1264 2640 1361 2672 recte
1389 2635 1458 2670 iam
1483 2632 1591 2676 Orell2
1611 2630 1660 2668 ad

154 2703 295 2739 Horatii
319 2702 429 2738 verba
453 2702 651 2737 adnotavit:
683 2703 772 2745 „hoc
795 2712 935 2747 quoque
958 2702 1067 2736 verbo
1091 2701 1155 2737 tali
1185 2698 1445 2744 significatione
1471 2706 1537 2742 pro
1559 2703 1668 2740 „pet-¹
1758 2747 1766 2753 .

152 2765 324 2800 miscere“
353 2765 477 2800 Horat.
502 2764 598 2800 solus
617 2774 701 2799 usus
718 2764 869 2801 videtur.
918 2764 1041 2800 Senec.
1056 2763 1163 2809 epist.
1187 2762 1228 2797 71
1256 2762 1406 2806 usurpat
1427 2767 1493 2804 pro
1516 2761 1660 2809 ,ΜΨ
1702 2774 1727 2814 ‘..
1778 2780 1823 2817 T«-

153 2829 333 2871 miscere,“
350 2828 420 2862 nisi
435 2827 560 2862 melius
579 2827 791 2872 explicetur:
817 2838 937 2862 rursus
953 2827 1169 2862 immiscetur
1184 2825 1260 2860 sive
1275 2822 1500 2859 admiscetur.
1534 2817 1659 2854 Altero
1677 2857 1681 2859 ,
1707 2839 1710 2842 ’
1727 2826 1729 2828 ·
1764 2823 1801 2841 ··-’
1815 2875 1825 2888 Ῐ

153 2894 272 2928 autem
294 2891 373 2927 loeo
397 2889 457 2935 (de
481 2893 593 2926 const.
618 2892 654 2935 7)
678 2890 830 2935 positum
856 2894 911 2926 est
933 2899 999 2935 pro
1023 2888 1272 2933 „immiscere.“
