1880 3148
62 554 65 557 ·
122 532 165 582 2,
198 532 253 577 28
482 562 494 574 .
528 563 536 573 .
569 563 580 574 .
613 564 623 574 .

123 616 222 647 rum
241 543 455 649 ειῑξὲξιῐζ
469 604 584 647 talos
623 608 745 660 tegat
782 606 933 649 instita
970 609 1107 658 veste,
1121 574 1295 650 contra
1329 581 1472 658 alius
1487 654 1507 659 „
1486 515 1658 661 ,1,ζῷἑῖίῖ

123 677 210 728 nisi
240 677 386 724 olente.
413 678 460 721 in
479 677 642 724 fornice
662 684 861 723 stantem.
866 683 886 702 ‘⁴
952 679 1046 731 Quo
1065 679 1161 744 loco
1177 693 1324 723 omnes
1354 679 1446 727 fere
1464 680 1646 749 Q

82 766 85 767 ⁷
123 751 441 802 coniunctivum
480 753 710 809 praebent,
749 768 876 809 quem
915 754 972 797 ad
1007 768 1136 797 unum
1176 768 1325 799 omnes
1363 755 1577 817 editores
1580 742 1657 804 ἷῇ

118 829 288 872 textum
327 827 490 883 optimo
534 828 628 872 iure
665 829 877 884 recepisse
923 828 1121 884 equidem
1163 832 1281 884 puto.
1356 814 1469 875 Sed
1488 828 1642 882 tuin

124 901 284 946 mirum
304 905 382 955 est,
410 902 622 948 neminem
646 903 787 946 adhuc
806 903 1092 958 interpret-um
1114 903 1158 945 in
1178 903 1260 946 hoc
1280 902 1375 946 loco
1394 900 1657 961 offendisse&

124 975 283 1032 quippe
319 978 395 1032 qui
432 977 529 1020 aliis
570 978 677 1020 locis
713 977 801 1020 fere
838 992 1005 1033 semper
1047 977 1325 1021 indicativum
1372 977 1655 1032 praeferant,

121 1049 239 1093 velut
256 1049 460 1103 Oreliius,
489 1052 564 1105 qui
594 1052 651 1096 ad
671 1055 754 1096 sat
775 1052 829 1105 ΙΙ,
855 1054 892 1104 1,
916 1056 953 1105 -,1
986 1052 1267 1097 indicativum
1286 1065 1381 1096 cum
1398 1046 1647 1105 enuntiata.

120 1123 206 1166 illis
246 1125 519 1169 coniunctum
569 1127 930 1170 constructionem
978 1126 1158 1169 Horatio
1207 1125 1380 1168 solitam
1427 1124 1658 1181 appellat,

120 1197 230 1242 Nam
260 1198 341 1241 hoc
370 1198 465 1242 loco
502 1199 697 1254 profecto
738 1200 880 1242 omnia
907 1201 1184 1252 conveniunt,
1226 1213 1337 1254 quae
1375 1198 1547 1243 omnino
1565 1195 1654 1250 ab·

118 1272 428 1336 interpretibus
468 1287 547 1327 pro
587 1273 819 1316 indicativo
867 1274 1001 1316 allata
1037 1277 1150 1316 sunt.
1228 1274 1358 1326 Quid,
1394 1282 1499 1329 pro
1511 1274 1655 1324 certa?

120 1359 261 1389 nonne
291 1345 536 1390 confirmari
566 1351 722 1403 potest,
760 1347 987 1396 Horatium
1018 1347 1099 1390 hoc
1128 1347 1222 1391 loco
1252 1350 1392 1390 certos
1421 1332 1654 1402 1111081998ἑ

120 1420 314 1467 homines
356 1420 619 1475 significasse
651 1423 740 1464 sive
771 1423 1009 1476 cogitasse,
1037 1423 1292 1477 praesertim
1333 1436 1465 1476 quum
1490 1423 1727 1479 paulo1-'3‘5¹

118 1499 250 1540 antea
280 1509 451 1550 quoque
495 1499 635 1538 certos
665 1495 881 1548 homines,
920 1495 1124 1538 Rufillum
1161 1499 1205 1538 et
1240 1496 1506 1551 Gorgonium
1523 1483 1632 1553 spru}

117 1570 280 1625 ponat?
323 1570 461 1621 Quam
493 1583 666 1613 causam
696 1570 923 1612 afferentes
956 1570 1197 1613 Schmidius
1226 1570 1281 1612 ad
1312 1571 1455 1625 epist.-
1482 1570 1546 1624 ΙΙ,
1586 1574 1630 1629 2,*
1650 1579 1677 1607 f

124 1646 216 1695 182,
254 1644 330 1688 alii
367 1643 647 1690 indicativum
695 1643 923 1686 defendere
962 1644 1150 1687 student.
1219 1643 1384 1688 Deinde
1421 1643 1645 1701 Horatiae

120 1717 202 1762 hoc
231 1717 326 1763 loco
347 1731 438 1761 rem
460 1721 623 1760 certam
652 1732 702 1762 ac
726 1732 860 1774 prope
881 1717 1073 1773 quotidie
1102 1719 1148 1760 in
1169 1718 1316 1762 oculos
1340 1706 1658 1777 incurreutgm‘f'

118 1791 353 1846 significat,
396 1791 513 1845 quod
548 1791 781 1835 indicativo
822 1795 991 1835 tantum
1029 1791 1122 1834 fiori
1152 1788 1282 1846 quum
1312 1791 1498 1850 Dinone.-
1520 1781 1653 1841 'tm--

121 1865 311 1909 Orellius
344 1865 400 1910 ad
432 1879 562 1908 carm.
594 1866 627 1919 I,
664 1871 699 1920 1,
732 1870 769 1919 3,
801 1865 1033 1910 affirmavit
1061 1866 1128 1914 his
1158 1865 1319 1912 verbis:
1356 1865 1503 1919 „Hanc
1532 1854 1633 1911 con-z

122 1941 407 1985 structionem
446 1939 653 1984 Horatius
694 1945 823 1996 atque
864 1941 1034 1984 omnino
1072 1940 1304 1996 scriptores
1339 1929 1657 1997 accumbimus-³]

119 2014 396 2070 praeferunt,
440 2014 513 2057 ubi
543 2019 593 2057 ut
622 2029 721 2057 mox
751 2030 787 2057 v.
825 2016 875 2058 19
906 2019 950 2057 et
980 2021 1059 2057 sat.
1093 2015 1126 2067 I,
1163 2019 1203 2067 4,
1236 2018 1304 2067 24,
1343 2028 1435 2063 rem
1465 2016 1631 2062 certam

118 2104 170 2133 ac
210 2103 345 2145 prope
394 2089 587 2144 quotidie
625 2090 670 2132 in
709 2090 854 2134 oculos
891 2091 1111 2132 incurrere
1158 2089 1331 2133 solitam
1371 2079 1629 2144 significanti

117 2162 232 2206 Alibi
263 2163 409 2220 (epist.
442 2163 490 2214 1,
536 2165 579 2215 1,
629 2167 700 2215 773
731 2164 791 2215 ΙΙ,
824 2166 872 2215 2,
916 2163 1033 2220 182),
1078 2163 1152 2206 ubi
1188 2160 1468 2213 ὑποθετικῶς,
1491 2162 1629 2217 lo'qmv

116 2242 210 2289 tur,
262 2238 469 2282 Horatius
515 2251 685 2292 quoque
729 2238 866 2279 utitur
918 2238 1234 2280 coniunctivo.“
1328 2236 1412 2283 Sed
1454 2246 1630 2288 ommno

115 2312 352 2364 rationem,
399 2324 484 2365 qua
524 2311 678 2354 ductus
715 2310 923 2354 Horatius
962 2325 1057 2353 cum
1098 2311 1332 2354 enuntiatis
1375 2309 1463 2356 illis
1499 2304 1657 2369 modos

115 2385 397 2429 indicativum
447 2385 573 2429 modo
623 2386 939 2428 coniunctivum
997 2386 1240 2438 coniunxit,
1291 2385 1434 2430 minus
1461 2375 1652 2439 pernen*

114 2461 229 2516 pisse
281 2459 471 2512 videtur,
523 2473 654 2515 quum
703 2460 768 2502 ita
814 2464 969 2515 pergat
1013 2461 1056 2504 in
1106 2459 1386 2505 adnotatione
1425 2456 1657 2515 laudatur?-

122 2536 303 2587 „·Ra1ius
364 2538 510 2577 autem
571 2534 677 2577 haec
727 2536 990 2617 constructio
1042 2536 1123 2590 (sc
1184 2548 1280 2579 cum
1331 2524 1654 2593 coniunctam)

115 2687 205 2734 est,
249 2697 320 2726 res
368 2686 511 2725 certas
550 2686 681 2738 atque
722 2683 940 2726 evidentes
976 2696 1218 2741 proponere
1259 2679 1474 2737 malunt,
1495 2685 1643 2755 que}

113 2756 269 2839 dubias
299 2761 344 2800 et
373 2756 602 2839 obscuras“
611 2790 620 2809 ,
670 2757 794 2813 quasi
822 2757 925 2841 hoc:
976 2760 1101 2811 „sunt
1129 2757 1206 2814 qui
1233 2755 1372 2837 nolint
1399 2748 1480 2805 teti
