1880 3148
908 145 959 186 18

180 280 247 322 bis
277 279 511 332 iisdemque
543 277 893 319 similitudinibus
924 282 1138 328 uteretur,
1156 277 1189 332 ¹)
1232 292 1400 332 semper
1430 294 1523 322 cum
1555 275 1730 325 enim-'22’

168 352 302 394 ‘tiatis
347 350 434 392 illis
479 350 699 392 coniunxit
743 350 1072 391 coniunctivum.
1096 350 1130 405 2)
1192 350 1243 390 cf.
1290 350 1370 392 sat.
1415 352 1460 403 Ι
1503 356 1553 394 41
1586 344 1698 408 ἐᾳζςζ

187 459 231 478 ,,.
263 457 275 468 .
308 458 317 466 .
349 439 406 466 an
436 425 518 466 erit
549 424 621 477 qui
653 423 761 465 velle
791 427 959 465 recuset
990 437 1036 465 os
1066 423 1213 477 populi
1243 425 1486 466 meruisse.“

321 497 377 540 ib.
411 499 463 538 76
495 510 608 550 sqq.:
642 499 735 549 „est
764 510 875 537 nune
907 496 1071 537 Brisaei
1092 509 1218 549 quem
1240 510 1420 539 venosus
1440 498 1549 540 liber
1569 500 1684 553 Acci,
1717 517 1719 520 ⁴
1766 510 1777 552 3

183 576 284 614 sunt
326 584 432 625 quos
463 571 755 622 Pacuviusque
794 574 837 610 et
867 583 1095 611 verrucosa
1123 574 1314 611 moretur
1335 572 1534 626 Antiopa,
1565 563 1729 615 aem-9

180 646 290 688 mnis
323 659 396 687 cor
424 642 699 686 luctificabile
732 642 927 699 fulta.“³)

317 722 397 760 sat.
437 718 524 768 VI,
569 720 617 758 19
658 731 740 770 sq.:
790 751 837 768 „.
872 750 879 758 .
914 749 923 758 .
956 717 1058 758 solis
1099 717 1314 759 natalibus
1352 721 1417 759 est
1447 721 1520 772 qui
1545 694 1695 774 tingat
1796 715 1880 759 ‘2³²³

179 793 303 835 holus
335 792 496 834 siccum
525 791 664 832 muria
695 790 813 832 vafer
845 824 853 831 .
887 824 896 833 .
930 790 1022 846 5⁶4)
1062 794 1066 797 ’

319 866 510 907 Persium
541 868 698 916 autem,
731 865 804 917 qui
825 864 1054 905 Horatium
1085 865 1129 904 in
1159 864 1312 905 ceteris
1334 864 1421 905 fere
1442 865 1570 907 rebus
1591 867 1684 908 imi-
1748 854 1753 858 ⁵
1777 852 1784 856 .

180 943 300 981 tatus
335 943 419 989 est,
456 938 537 979 hac
566 952 651 979 una
681 938 725 978 in
755 952 801 979 re
831 938 1048 991 propriam
1082 937 1297 990 quandam
1326 937 1537 980 rationem
1567 953 1686 982 secu-

179 1016 268 1053 tum
298 1024 404 1062 esse,
437 1024 522 1052 non
553 1016 618 1051 est
644 1010 896 1064 putandum.
963 1010 1097 1059 Quam
1119 1009 1173 1051 ob
1194 1024 1368 1051 oausam
1388 1011 1523 1053 Persii
1555 1013 1702 1065 quam’

179 1085 245 1126 vel
275 1084 464 1126 omnium
495 1083 687 1124 codicum
720 1084 1021 1125 auctoritatem
1042 1083 1179 1137 pluris
1210 1083 1370 1125 faciens
1402 1085 1562 1138 optimo
1589 1086 1681 1127 iure

182 1156 348 1200 duobus
378 1156 463 1198 illis
494 1156 598 1199 locis
630 1157 947 1199 coniunctivum
977 1157 1217 1198 restituisse
1248 1157 1352 1199 mihi
1384 1157 1590 1215 videorfi)

281 1291 302 1334 ¹)
327 1288 469 1331 Omnia,
509 1296 600 1332 quae
624 1287 917 1331 huc‘pertinent,
954 1286 1143 1331 diligenter
1180 1287 1325 1332 collegit
1359 1292 1465 1334 atque
1496 1288 1690 1324 illustravit

181 1353 227 1387 Is.
263 1351 493 1385 casaubonus
532 1350 567 1383 in
601 1350 909 1384 commentatione·
931 1349 1101 1393 quadam,
1141 1361 1244 1393 quam
1283 1350 1480 1395 inscripsit:
1516 1351 1686 1385 Persiana
1718 1393 1724 1399 .

181 1414 319 1448 Horatii
358 1412 517 1446 imitatio.
581 1410 683 1445 Hanc
721 1411 1049 1445 commentationem
1091 1411 1221 1446 adiecit
1259 1412 1403 1446 editioni
1441 1422 1526 1448 suae
1562 1412 1686 1455 Persii,

181 1475 327 1510 Parisiis
350 1472 521 1509 MDCXV
545 1484 579 1517 p.
603 1472 796 1508 523-558.

275 1539 304 1582 ²)
326 1538 459 1580 Magno
482 1535 569 1569 mihi
591 1536 721 1580 gaudio
747 1539 800 1569 est
823 1536 943 1569 videre
968 1536 1036 1569 iam
1065 1535 1260 1570 Bentleium
1285 1540 1351 1570 sat.
1377 1536 1420 1578 II,
1444 1536 1477 1578 2,
1502 1536 1545 1570 31
1571 1535 1686 1578 „unde

182 1600 303 1635 datum
327 1599 437 1634 sentis
464 1628 469 1634 .
496 1626 505 1635 .
533 1600 574 1642 .‚“
600 1603 639 1633 ut
663 1598 848 1633 lectionem
876 1597 1038 1641 „datum“
1074 1596 1305 1642 confirmaret,
1329 1598 1374 1632 ad
1400 1598 1513 1633 Persii
1536 1598 1686 1643 auetori—
1726 1600 1731 1603 ’

180 1666 290 1697 tatem
314 1662 526 1706 confugisse,
564 1672 671 1705 quum
695 1661 783 1694 haec
811 1660 1012 1694 adnotaret:
1047 1661 1198 1704 „Atqui⁷
1231 1666 1291 1695 aut
1314 1661 1421 1705 plane
1453 1661 1542 1694 nihil
1572 1660 1685 1703 video,

182 1729 245 1760 aut
272 1728 422 1769 uterque
446 1724 543 1758 locus
568 1728 639 1759 tam
665 1723 804 1758 Horatii
828 1733 931 1767 quam
963 1722 1117 1757 Nasonis
1141 1722 1253 1767 (Fast.
1278 1722 1327 1757 VI
1336 1749 1344 1767 ,
1375 1722 1456 1767 103)
1486 1721 1585 1757 firmo
1614 1722 1688 1758 talo

182 1790 307 1830 postea
338 1787 461 1828 stabit,
495 1790 616 1829 utpote
642 1796 663 1819 a
680 1786 801 1818 Persio
827 1786 947 1827 fultus,
973 1786 1071 1818 cuius
1093 1786 1160 1819 hoc
1185 1790 1239 1819 est
1261 1786 1298 1818 in
1323 1789 1388 1820 sat.
1413 1786 1444 1827 5,
1471 1785 1552 1818 124:
1578 1784 1689 1827 „liber

183 1858 259 1893 ego.
308 1847 412 1884 Unde
438 1847 555 1883 datum
579 1847 646 1882 hoc
678 1847 785 1882 sumis
817 1850 871 1882 tot
900 1846 1039 1881 subdite
1070 1846 1209 1882 rebus.“
1256 1847 1383 1892 Neque
1413 1847 1506 1882 enim
1538 1845 1687 1890 dubites,

183 1912 267 1956 quin
298 1914 543 1955 perpetuus
572 1910 724 1944 Nostri
758 1910 958 1944 imitator
989 1909 1084 1943 hunc
1116 1910 1232 1953 ipsum
1261 1910 1377 1944 locum
1406 1911 1444 1943 in
1477 1910 1594 1944 animo
1622 1908 1685 1942 ha-

181 1972 298 2008 buerit
323 2001 329 2006 .
356 1998 365 2008 .
390 1998 399 2007 .
424 1974 454 2006 .“

275 2036 302 2080 ³)
327 2034 414 2069 Cum
439 2035 506 2068 hoc
536 2035 613 2068 loco
643 2037 726 2078 apte
758 2033 911 2068 conferri
942 2038 1092 2078 possunt
1114 2034 1254 2068 Horatii
1285 2037 1348 2068 sat.
1372 2034 1399 2077 I,
1424 2034 1457 2077 4,
1481 2032 1541 2067 24:
1567 2031 1684 2077 „quod

180 2102 264 2132 sunt
296 2108 384 2142 quos
416 2097 558 2131 minime
590 2097 687 2131 iuvet
697 2099 727 2140 ;“
763 2101 828 2132 sat.
851 2097 898 2132 ΙΙ,
926 2098 956 2140 l,
983 2099 1017 2131 1:
1052 2096 1165 2140 „Sunt
1197 2096 1323 2142 quibus
1354 2096 1392 2131 in
1423 2096 1533 2132 satira
1562 2094 1685 2130 videar

179 2159 284 2207 nimis
308 2168 390 2193 acer
414 2184 423 2194 .
450 2185 456 2193 .
483 2160 532 2202 .;“
558 2158 627 2192 alii.

272 2224 301 2266 ⁴)
325 2221 441 2256 Huius
465 2221 533 2256 loci
558 2220 681 2255 eadem
704 2220 778 2255 fere
803 2220 956 2256 conditio
988 2224 1043 2256 est
1066 2225 1173 2266 atque
1197 2221 1303 2266 illius,
1328 2221 1389 2267 qui
1413 2224 1467 2256 est
1489 2220 1526 2255 in
1546 2217 1685 2254 Horatii

179 2284 281 2329 epist.
297 2284 342 2328 II,
358 2284 390 2327 2,
409 2283 491 2317 182:
517 2288 593 2326 „est
611 2283 670 2327 qui
695 2293 766 2317 non
782 2287 881 2318 curet
902 2283 1069 2319 habere.“
1106 2284 1266 2329 Utroque
1289 2285 1381 2319 enim
1400 2285 1479 2318 loco
1503 2280 1684 2316 enuntiato
1706 2300 1709 2302 -
1746 2268 1759 2286 ³
1805 2271 1808 2275 ’

177 2347 328 2382 relativo
352 2346 532 2381 hominum
551 2345 726 2390 quoddam
743 2356 855 2390 genus
880 2346 1101 2390 describitur,
1125 2347 1187 2382 illo
1205 2347 1372 2393 (Horatii)
1390 2346 1467 2382 loco
1486 2342 1686 2391 „sapiensffi

178 2409 247 2444 hoc
271 2408 412 2454 (Persii)
439 2410 621 2452 „avarus.“

274 2472 300 2514 ⁵)
324 2470 476 2506 Minoris
503 2471 654 2506 fortasse
677 2472 844 2506 momenti
870 2470 932 2506 sed
962 2476 1080 2506 tamen
1110 2482 1181 2506 non
1205 2482 1352 2516 prorsus
1376 2468 1607 2505 omittendum
1630 2470 1694 2501 est>
1742 2508 1743 2511 Ἰ
1765 2470 1860 2515 ..ξς

177 2533 383 2568 Iuvenalem
422 2543 561 2578 quoque
594 2533 786 2568 enuntiatis
817 2534 886 2569 illis
924 2534 1055 2577 ubique
1094 2534 1355 2569 coniunctivum
1390 2531 1593 2566 subiecisse.
1639 2528 1685 2564 cf.

179 2601 246 2632 sat.
270 2596 331 2640 VI,
357 2597 425 2631 366
451 2606 522 2640 sq..
553 2599 660 2638 „sunt
694 2605 780 2640 quas
810 2596 963 2631 eunuchi
997 2596 1148 2631 inbelles
1178 2607 1220 2632 ac
1237 2596 1369 2631 mollia
1399 2603 1535 2638 semper
1566 2590 1686 2627 oscula

180 2656 359 2696 delectent
377 2684 386 2693 .
480 2660 530 2692 .·“
521 2658 633 2702 ‚XIL
654 2657 734 2691 101·
761 2683 792 2700 ,,.
816 2683 824 2691 .
850 2685 859 2694 .
884 2685 893 2694 .
917 2659 1074 2693 existunt
1092 2659 1152 2703 qui
1167 2659 1376 2703 promittant
1399 2652 1664 2690 hecatomben!
1690 2679 1692 2681 >

177 2719 275 2763 XIII,
299 2720 360 2754 86:
395 2724 499 2763 „sunt
523 2720 559 2753 iu
589 2720 750 2754 foitunae
779 2721 838 2765 qui
863 2721 1000 2756 casibus
1035 2722 1153 2756 omnia
1183 2724 1319 2766 ponant
1352 2724 1388 2754 et
1417 2718 1514 2752 nullo
1537 2712 1684 2749 credant

176 2781 346 2817 mundum
369 2786 506 2818 rectore
530 2783 696 2818 moveri.“
