1880 3148
867 208 916 252 17

72 353 91 400 g
113 341 472 403 illasexplicatio
512 340 794 397 praeferenda
829 339 1017 392 videtur,
1054 339 1118 382 ita
1157 344 1205 381 ut
1236 353 1287 381 ex
1316 339 1383 381 his
1412 339 1518 394 ipsis
1548 354 1639 382 ver-

0 426 120 475 ⁸142}ss
136 408 218 467 bis
237 422 405 464 eluceat
433 419 603 472 poetam
634 414 681 455 in
708 428 769 467 re,
800 413 852 456 de
883 427 968 468 qua
995 414 1152 468 agitur,
1185 414 1335 455 tritum
1356 414 1524 456 solutae
1545 428 1640 457 ora-

10 481 34 522 <21
54 515 108 541 ,’
136 475 269 549 tionis
297 506 423 537 usum
453 490 714 533 observasse.
1131 495 1134 497 ’

157 685 163 689 ,
278 640 471 693 Denique
501 639 545 679 in
576 641 657 680 sat.
688 637 727 688 I,
767 641 813 689 4,
846 640 918 678 24:
966 636 1104 690 „quod
1133 641 1232 678 sunt
1262 650 1368 689 quos
1397 637 1477 678 hoc
1508 651 1640 691 genus
1684 686 1687 687 ⁷

98 717 313 768 “minime
343 713 480 755 iuvet“
515 712 543 754 i.
575 725 609 752 e.
643 710 758 765 quod
787 715 886 752 sunt
915 710 1105 752 homines
1136 724 1184 752 eo
1207 711 1391 762 ingenio,
1424 714 1471 751 ut
1503 724 1604 753 eos.
1629 745 1638 754 .

141 792 268 841 iuvet,
298 790 418 830 iuvat
446 799 524 839 pro
554 786 670 826 iuvet
701 799 723 826 e
745 799 874 826 carm.
897 785 930 836 I,
966 788 1000 836 1,
1033 788 1056 825 3
1089 798 1151 837 sq.
1181 785 1274 825 illo:
1312 789 1435 835 „sunt
1467 799 1572 838 quos
1596 819 1604 827 .
1628 819 1638 828 .

0 889 18 895 --
58 865 311 913 iuvat“,
356 861 402 901 in
443 862 607 900 textum
651 858 873 911 irrepsisse
917 858 1021 898 mihi
1060 857 1241 898 videtur.
1303 858 1409 898 Nam
1441 857 1640 900 hocloco

1 976 5 979 .
51 931 54 935 ⁴
142 935 409 977 enuntiatum
445 935 571 983 „sunt
599 933 694 984 qui“
730 945 907 984 prorsus
947 931 1094 971 eodem
1133 931 1258 972 modo
1290 936 1545 984 usurpatum
1575 936 1640 972 est

4 989 25 1013 ⁷
141 1011 270 1062 atque
302 1009 383 1049 sat.
414 1005 448 1057 I,
484 1008 519 1056 l,
556 1007 574 1045 1
609 1004 703 1045 aliis
733 1004 848 1046 locis.
905 1003 1042 1054 Quam
1072 1003 1125 1045 ob
1152 1018 1254 1055 rem,
1286 1018 1338 1045 ne
1369 1004 1529 1046 multus
1560 1006 1639 1046 sim

140 1082 231 1123 iure
261 1094 328 1122 me
360 1078 616 1121 contendere
646 1082 750 1132 puto
787 1092 917 1131 quum
960 1080 1131 1130 ceteris,
1175 1078 1327 1131 quibus
1373 1080 1639 1129 enuntiatum

140 1155 248 1198 illud
277 1155 357 1197 hoc
387 1153 513 1196 modo
536 1151 772 1195 adhibitum
795 1152 1020 1206 reperitur,
1051 1156 1142 1194 tum
1172 1152 1252 1194 hoc
1282 1153 1375 1194 1000
1407 1153 1640 1195 coniuncti-

143 1243 240 1271 vum
271 1242 363 1270 esse
394 1226 670 1269 statuendum
701 1231 743 1267 et
769 1227 933 1278 „iuvat“
971 1227 1015 1267 in
1056 1228 1215 1278 „iuvet“
1248 1227 1512 1268 mutandum.
1558 1227 1642 1269 Sed

54 1307 57 1311 ’
88 1302 324 1354 „forsitan
354 1301 568 1355 quispiam
599 1299 756 1341 dixerit
785 1313 853 1341 me
882 1299 963 1341 hoc
998 1300 1092 1341 loco
1124 1304 1166 1341 et
1197 1301 1320 1354 epist.
1354 1301 1417 1352 II,
1463 1303 1509 1352 2,
1562 1303 1638 1341 182

141 1371 332 1420 codicum
364 1375 666 1417 auctoritatem
696 1387 871 1426 prorsus
901 1373 1138 1427 neglexisse
1170 1379 1211 1414 et
1242 1374 1352 1414 hanc
1380 1373 1433 1415 ob
1466 1388 1639 1415 causam

141 1449 392 1491 sententiam
425 1461 564 1490 meam
596 1460 687 1488 esse
718 1446 1005 1489 reiiciendam.
1062 1447 1145 1489 Sed
1176 1461 1434 1500 quamquam
1469 1448 1638 1489 omniuo

75 1517 79 1519 ⁵
141 1536 243 1564 vera
273 1525 317 1563 et
347 1536 453 1563 sana
484 1525 550 1563 est
579 1521 706 1572 ratio,
739 1534 868 1573 quam
891 1521 1074 1562 Orellius
1106 1521 1162 1562 ad
1192 1535 1321 1563 carm.
1354 1521 1386 1572 I,
1424 1525 1456 1572 1,
1488 1524 1511 1562 3
1542 1535 1640 1575 pro-

13 1625 15 1627 -
73 1620 84 1644 1
141 1596 284 1651 posuit
312 1596 378 1638 his
409 1595 570 1638 verbis:
623 1609 782 1649 „neque
813 1608 911 1636 vero
942 1596 1089 1649 negari
1120 1598 1261 1649 potest
1292 1594 1431 1636 dubiis
1461 1596 1505 1636 in
1535 1595 1639 1637 locis

121 1671 478 1712 ,controversiam
500 1684 584 1711 non
605 1674 694 1711 tam
727 1669 954 1711 subtilibus
983 1670 1230 1723 interpretis
1262 1671 1464 1724 cuiusque
1495 1670 1639 1724 dispu-

94 1794 97 1797 ,
142 1744 378 1787 tationibus
418 1758 546 1799 quam
586 1744 949 1799 praestantiorum
990 1743 1179 1786 codicum
1223 1758 1426 1786 consensu
1459 1744 1640 1786 distrahi

85 1816 88 1819 “
142 1817 350 1879 debere“,
387 1824 532 1860 tamen
562 1832 881 1871 nonnumquam
913 1818 1103 1859 codicum
1134 1820 1411 1859 autoritatem
1444 1819 1640 1860 omitten-

143 1890 242 1935 dam
272 1906 362 1952 ,esse
393 1893 489 1946 quis
517 1897 604 1945 est,
651 1894 725 1945 qui
760 1892 916 1946 neget?
975 1892 1054 1933 His
1099 1896 1214 1933 certe
1244 1893 1369 1944 locis,
1411 1891 1564 1946 quibus
1596 1897 1638 1934 et

56 1950 66 1956 Ο
95 1979 98 1982 ·
124 1957 357 2007 sentientia
385 1970 535 2020 totque
566 1966 759 2020 exempla
789 1979 841 2006 ex
869 1966 974 2019 ipsis
995 1965 1166 2007 Horatii
1195 1966 1365 2020 scriptis
1386 1967 1522 2019 petita
1542 1980 1638 2008 con-

142 2039 377 2081 iunctivum
408 2040 725 2091 commendant,
757 2043 800 2080 et
829 2038 936 2081 bene
966 2040 1257 2093 cognoscitur,
1299 2054 1427 2092 quam
1457 2040 1511 2082 ob
1542 2055 1640 2082 cau-

72 2171 77 2175 ,
143 2125 235 2161 sam
265 2112 430 2155 librarii
461 2114 516 2156 ad
528 2114 805 2156 indicativum
828 2113 1136 2165 descenderint,
1169 2117 1211 2155 et
1232 2113 1356 2155 facile
1390 2117 1559 2166 „curaffl
1596 2118 1639 2155 et

91 2194 107 2213 ·‘
146 2184 314 2237 ⁴„iuvat“
347 2186 392 2228 in
428 2191 596 2240 „curet“
633 2190 676 2229 et
710 2187 870 2239 „iuvet“
906 2187 1067 2228 mutari
1092 2190 1246 2241 potest,
1279 2187 1470 2229 codicum
1492 2191 1639 2229 aucto-

98 2254 101 2255 ⁷
143 2250 251 2304 ritas
279 2273 357 2307 nos
388 2274 653 2304 commovere
682 2276 768 2303 non
789 2261 929 2314 debet,
961 2265 1010 2303 ut
1036 2261 1313 2303 indicativum
1333 2261 1637 2315 praeferamus,

142 2331 227 2375 nisi
265 2335 454 2377 statuere
499 2335 693 2378 volumus
735 2338 906 2391 poetam
947 2336 1015 2377 his
1052 2335 1157 2377 locis
1188 2334 1366 2378 oblitum
1396 2349 1509 2388 esse,
1554 2350 1639 2389 qua

4 2463 9 2465 Π
71 2425 86 2459 ‘,
121 2405 308 2467 urat-ione
338 2407 490 2451 ductus
520 2409 673 2452 ceteris
704 2410 808 2452 locis
840 2410 1074 2451 enuntiatis
1104 2410 1191 2451 illis
1220 2410 1535 2451 coniunctivum
1565 2410 1638 2451 ad-

16 2475 20 2479 ’
143 2476 313 2522 diderit.
373 2482 551 2526 Accedit
581 2488 725 2526 autem
757 2483 813 2525 ad
842 2487 1098 2537 argumenta
1133 2497 1212 2538 pro
1244 2484 1511 2526 coniunctivo
1541 2498 1638 2538 pro-

0 2542 24 2618 5'
106 2584 118 2595 .,
141 2550 235 2607 lata
263 2566 418 2603 novum
449 2557 678 2610 quoddam,
715 2556 830 2611 quod
859 2558 1051 2611 quamvis
1082 2558 1138 2598 sit
1167 2571 1294 2610 grave
1324 2561 1469 2599 tamen
1500 2557 1638 2599 adhuc

50 2632 55 2635 “
92 2641 102 2647 ·
141 2623 197 2675 ab
227 2623 396 2669 Horatii
423 2628 732 2686 interpretibus
769 2630 856 2673 fere
892 2630 1133 2685 neglectum
1174 2635 1249 2672 est.
1313 2631 1481 2673 Persius
1513 2631 1635 2682 enim,

129 2699 217 2753 ⁴qui
246 2700 290 2743 in
321 2702 466 2744 satiris
497 2706 800 2760 componendis
837 2705 994 2760 ubique
1036 2705 1123 2747 fere
1154 2705 1379 2747 Horatium
1411 2711 1510 2747 ante
1541 2719 1636 2746 ocu-

34 2817 90 2825 ,
142 2772 206 2816 Ios
233 2774 384 2818 habuit
414 2791 595 2833 eumque
626 2781 689 2823 ita
718 2781 911 2823 imitatus
941 2785 1024 2832 est,
1055 2784 1103 2822 ut
1132 2794 1337 2835 persaepe
1367 2780 1515 2822 iisdem
1548 2792 1636 2820 ver-

1345 2910 1366 2945 2
