1880 3148
884 213 934 253 21

585 538 1078 617 QUAESTIO
1133 540 1234 607 ΙΙ.

466 701 511 753 Ile
544 701 637 752 variis
671 699 835 752 verborum
870 701 1018 752 miscendi
1055 700 1352 751 constructionibus.

34 827 37 834 “
99 852 103 853 ⁷
132 801 426 873 *Horatium
456 819 500 860 in
532 819 846 861 constructione
867 818 1104 870 verborum,
1134 817 1287 872 quibus
1315 818 1519 859 miscendi
1541 820 1659 860 notio

109 911 138 922 ·*
166 898 420 946 continetur,
453 892 612 947 duplici
642 893 810 934 ratione
840 906 963 934 usum
988 906 1079 934 esse
1110 893 1222 934 inter
1243 906 1386 934 omnes
1417 895 1569 946 poetae
1597 893 1660 934 in-

147 973 376 1025 terpretes
422 969 605 1009 constat.
618 967 650 1021 ¹)
709 966 915 1020 Reperias
960 966 1072 1007 enim
1117 967 1161 1007 in
1200 966 1370 1008 Horatii
1408 967 1579 1019 scriptis
1617 970 1661 1008 et

167 1044 371 1097 „miscere
402 1041 591 1094 aliquam
622 1053 712 1081 rem
741 1040 888 1093 aliqua
909 1040 1030 1096 re“2)
1064 1044 1105 1082 et
1136 1040 1339 1092 „miscere
1361 1040 1550 1097 aliquam
1569 1053 1658 1081 rem

165 1118 293 1160 alicui
324 1115 475 1167 rei“.³)
524 1114 791 1167 Quamquam
822 1114 902 1155 hoc
932 1128 1100 1168 quoque
1121 1113 1175 1156 ab
1198 1113 1392 1156 omnibus
1414 1114 1660 1156 conceditur

168 1193 337 1246 poetam
377 1188 569 1230 consulto
609 1187 734 1229 modo
773 1187 882 1229 hanc
919 1188 1045 1230 modo
1086 1188 1204 1229 illam
1245 1188 1413 1229 dicendi
1448 1189 1659 1230 rationem

110 1264 115 1267 ’
166 1264 406 1317 amplexum
439 1276 548 1314 esse,
589 1265 754 1313 tamen,
792 1266 891 1303 utra
927 1261 1148 1304 verborum
1188 1263 1358 1304 illorum
1396 1263 1659 1304 constructio

167 1336 344 1390 singulis
373 1335 478 1378 locis
509 1335 566 1376 sit
596 1334 842 1387 statuenda,
881 1334 1020 1377 adhuc
1057 1336 1315 1389 interpretes
1352 1336 1464 1377 inter
1501 1350 1545 1378 se
1576 1335 1660 1377 dis-

167 1410 368 1464 sentiunt.
398 1409 646 1463 Ebelingius
677 1408 862 1463 quidem,
894 1409 958 1451 vir
988 1409 1276 1461 doctissimus,
1307 1410 1351 1451 in
1381 1409 1526 1451 libello
1558 1423 1662 1463 quo-

167 1483 278 1537 dam,
306 1498 432 1538 quem
463 1483 714 1538 conscripsit
745 1482 796 1525 de
828 1497 1006 1525 casuum
1026 1497 1114 1525 ‘usu
1144 1483 1392 1535 Horatiano,
1425 1498 1534 1538 quae
1565 1497 1660 1526 cum

109 1549 133 1566 ⁷
168 1558 350 1601 aliorum
379 1562 471 1601 tum
493 1572 639 1601 eorum
660 1557 898 1611 verborum,
929 1559 973 1600 in
994 1557 1148 1613 quibus
1177 1559 1287 1602 inest
1307 1558 1509 1601 miscendi
1532 1559 1661 1611 notio,

169 1647 221 1675 ex
264 1647 346 1675 usu
389 1633 627 1675 Horatiano
684 1636 796 1675 esset
840 1634 1101 1675 constructio
1152 1634 1321 1688 planius
1368 1633 1662 1675 demonstrare

169 1707 346 1749 studuit.
356 1707 393 1762 4)
427 1707 520 1758 Qui,
545 1721 803 1760 quamquam
818 1708 956 1749 multa
975 1712 1093 1749 recte
1110 1709 1337 1762 explicavit
1351 1709 1594 1763 optimeque
1611 1707 1663 1749 de

169 1780 324 1836 p’o‘eztae
353 1780 470 1822 illius
503 1780 674 1835 scriptis
704 1781 881 1823 meritus
896 1784 974 1834 est,
1005 1784 1148 1823 tamen
1179 1795 1280 1834 rem,
1313 1781 1364 1824 de
1395 1796 1479 1836 qua
1508 1781 1663 1836 agitur,

169 1840 310 1895 minus
341 1856 465 1895 caute
496 1868 546 1896 ac
578 1854 804 1908 diligenter
843 1855 1060 1897 tractavit.
1122 1855 1354 1897 Contendit
1390 1856 1499 1896 enim
1532 1855 1670 1896 Hora-

117 1928 123 1959 Σ
150 1926 276 1969 -tium
305 1927 468 1980 verbis,
501 1942 610 1982 quae
640 1928 866 1980 miscendi,
898 1928 1200 1982 coniungendi,
1239 1929 1420 1970 similem
1451 1928 1667 1970 notionem

170 2000 390 2053 haberent,
421 2002 608 2044 dativum
643 2002 881 2054 subiecisse,
914 2016 1045 2056 quum
1066 2003 1109 2043 in
1129 2016 1259 2056 prosa
1279 2003 1471 2044 oratione
1496 2003 1667 2057 saepius

80 2066 98 2098 1
145 2075 531 2137 'praepositionem
564 2090 658 2118 cum
689 2075 875 2119 ablativo
907 2079 983 2118 aut
1004 2090 1098 2118 cum
1126 2078 1370 2120 accusativo
1398 2077 1669 2119 coniunctam

158 2142 252 2198 *sibi
290 2149 561 2191 asciscerent.
638 2150 801 2192 Deinde
834 2154 1054 2192 enumerat
1100 2151 1288 2204 singulos
1332 2151 1470 2202 locos,
1517 2150 1670 2204 quibus

154 2220 410 2264 ‘huiusmodi
441 2223 570 2265 verba
599 2224 822 2278 leguntur,
854 2227 984 2277 atque
1015 2224 1154 2275 addit,
1186 2224 1400 2266 nonnullis
1430 2225 1558 2277 locis,
1598 2224 1670 2266 ubi

176 2292 329 2336 eadem
350 2295 407 2337 sit
428 2294 566 2338 forma
586 2299 631 2338 et
651 2295 794 2339 dativo
816 2300 859 2338 et
878 2296 1078 2350 ablativo,
1111 2296 1355 2350 ambiguum
1388 2311 1492 2349 esse,
1524 2301 1670 2338 utrum

91 2402 93 2404 .
147 2361 318 2415 *scasum
353 2369 453 2411 huic
493 2369 622 2412 verbo
660 2373 790 2425 poeta
827 2370 1081 2415 adiunxerit,
1144 2372 1336 2425 Denique
1373 2371 1523 2414 laudat
1564 2372 1670 2413 duos

243 2561 247 2565 ·
267 2551 291 2595 ἰ)
305 2549 360 2585 De
377 2552 493 2596 tertia,
512 2560 601 2597 quae
618 2551 734 2587 rarius
750 2551 807 2586 vel
822 2551 1001 2587 rarissime
1017 2551 1207 2596 invenitur,
1224 2554 1486 2588 constructione
1503 2553 1583 2587 vide
1597 2553 1657 2599 §.3

238 2613 288 2655 >²)
314 2615 380 2660 sat.
410 2614 455 2659 II,
483 2617 516 2659 4,
548 2617 592 2651 55
633 2623 701 2659 sq:
741 2618 972 2663 „Surrentina
1008 2615 1108 2650 vafer
1143 2616 1202 2659 qui
1232 2617 1355 2651 miscet
1388 2617 1486 2652 faece
1519 2594 1674 2653 Falerna

140 2687 146 2697 ι’
169 2673 253 2710 vina
276 2701 285 2711 .
312 2703 318 2710 .
345 2705 350 2709 .
380 2679 410 2712 .“

264 2738 290 2783 ³)
315 2749 421 2776 carm.
445 2741 473 2785 I,
505 2745 535 2786 1,
565 2743 610 2779 29
634 2754 693 2790 sq:
726 2754 802 2788 „me
826 2743 1007 2779 doctorum
1044 2743 1197 2777 hederae
1228 2744 1384 2788 praemia
1417 2743 1584 2777 frontium
1618 2741 1672 2776 dis

2 2792 43 2842 'fg‘
105 2832 109 2835 ,
140 2798 317 2850 ζ,ἰιι;’3ωιιθ
341 2803 478 2847 superis
501 2830 512 2840 .
537 2831 546 2840 .
571 2808 602 2840 .“

265 2861 521 2930 ⁴)nProgramm
545 2873 804 2921 Wernigerode
830 2875 917 2911 1866
940 2886 976 2920 p.
1000 2854 1053 2910 27.
1079 2875 1111 2920 ξ.
1136 2875 1167 2910 2.
1194 2885 1228 2908 n.
1256 2877 1271 2908 1
