1880 3148
847 194 900 267 39

821 422 856 476 ς.
890 424 927 461 4.

264 526 398 568 Paulo
442 523 653 578 copiosius
697 522 865 564 videtur
907 522 1131 564 dicendum
1178 536 1269 563 esse
1307 522 1358 564 de
1395 523 1622 576 participio

0 617 2 626 ⁸
50 595 61 606 ²
126 588 304 655 perfecti
320 599 441 653 quasi
465 597 606 638 medii.
653 596 930 637 Inveniuntur
954 597 1064 638 enim
1091 597 1131 636 in
1150 595 1319 637 Horatii
1344 595 1465 636 libris
1487 589 1625 636 multa

74 701 79 704 -
126 674 355 728 participia
409 671 588 726 perfecti
639 671 797 723 passivi
850 685 945 712 cum
1002 682 1101 711 casu
1165 674 1319 722 quarto
1365 675 1623 720 constructa,

127 761 235 801 quae
279 746 333 789 ab
370 743 676 799 interpretibus
720 743 858 785 adhuc
901 746 1016 785 varie
1055 744 1261 798 explicate.
1312 747 1422 784 sunt.
1444 746 1474 798 ¹)
1541 742 1625 786 Sed

125 822 230 863 haec
267 835 334 863 res
370 819 506 862 facilis
543 822 609 860 est
644 818 876 860 intellectu.
937 818 1172 872 participia
1208 819 1317 859 enim
1354 818 1429 859 illa
1474 821 1624 859 contra

108 897 275 937 .tritum
316 894 527 949 pedestris
565 892 773 934 orationis
813 907 933 933 usum
978 892 1239 933 Graecorum
1277 892 1457 946 perfecti
1495 891 1624 933 medii

125 970 448 1024 participiorum
508 968 622 1009 vices
678 972 832 1020 gerunt
895 970 938 1008 et
995 966 1105 1008 hanc
1166 966 1219 1007 ob
1279 981 1447 1008 causam
1508 969 1624 1008 recte

118 1038 220 1084 >cum
255 1043 496 1083 accusat-ivo
529 1042 758 1082 coniuncta
781 1045 891 1082 sunt.
904 1041 934 1097 2)
982 1040 1100 1091 Quod
1129 1041 1462 1082 luculentissime
1493 1054 1625 1094 appa-

104 1122 193 1167 ·ret
223 1132 273 1157 ex
305 1131 432 1157 carni.
465 1116 496 1167 Ι,
530 1119 567 1167 2,
602 1118 651 1156 31
687 1129 767 1168 sq.:
806 1115 939 1166 „nube
968 1115 1197 1156 candentes
1221 1115 1419 1156 humeros
1441 1109 1624 1155 amictus

102 1185 105 1187 ’
129 1204 263 1244 augur
289 1190 479 1243 Apollo&
512 1188 585 1229 ubi
608 1189 768 1230 Nauck.
799 1189 905 1230 bene
928 1189 1091 1230 confert
1109 1190 1283 1230 Homeri
1306 1188 1426 1229 Iliad.
1452 1188 1500 1239 V,
1527 1190 1623 1228 186:

128 1262 305 1320 „vasaq
345 1261 563 1316 εἰλυμένος
603 1257 787 1315 ὤμουςῦί.
849 1263 986 1304 Multa
1026 1268 1166 1304 autem
1201 1262 1459 1304 Graecorum
1497 1261 1627 1303 medii

129 1338 308 1391 vestigia
330 1338 371 1378 in
395 1338 644 1379 Latinorum
678 1339 935 1391 scriptorum
962 1337 1082 1378 libris
1121 1351 1210 1378 esse
1243 1340 1392 1378 nostra
1422 1336 1627 1378 memoria

128 1425 251 1452 nemo
284 1415 366 1462 est²
406 1412 479 1464 qui
509 1416 646 1464 neget.
660 1411 692 1466 3)
752 1412 861 1453 Nam
893 1416 997 1452 nota
1028 1416 1090 1452 est
1123 1411 1250 1452 medii
1280 1411 1355 1451 illa
1387 1412 1504 1452 notio
1536 1424 1627 1451 ver-

35 1481 38 1483 *
129 1483 297 1526 borum:
349 1484 548 1535 „induor‚
591 1485 807 1541 exuor“.4)
870 1484 921 1525 cf.
955 1484 1130 1538 Vergilii
1173 1485 1274 1527 Aen.
1314 1484 1375 1535 ΙΙ,
1420 1484 1500 1525 302
1543 1496 1625 1537 sq.:

135 1557 373 1611 „Androgei
398 1558 562 1611 galeam
597 1559 804 1612 clipeique
825 1559 988 1612 insigne
1009 1558 1206 1599 decorum
1246 1558 1438 1598 induitur
1470 1590 1479 1599 .
1513 1590 1522 1598 .
1556 1562 1626 1609 .“;

130 1630 298 1672 Horatii
329 1631 450 1684 epist.
482 1631 527 1683 Ι,
561 1635 629 1683 17,
663 1634 736 1673 28:
775 1630 1007 1685 „quidlibet
1037 1631 1209 1673 indutus
1242 1665 1251 1674 .
1286 1667 1294 1675 .
1329 1636 1398 1682 .‘·⁴;
1431 1631 1537 1674 alios
1566 1632 1629 1674 lo-

131 1704 263 1759 cos.⁵)
313 1704 461 1758 Neque
492 1706 631 1746 minus
663 1709 860 1759 apertum
893 1710 957 1747 est
987 1706 1173 1747 medium
1206 1707 1327 1760 epist.
1359 1707 1413 1757 ΙΙ,
1447 1710 1492 1757 3,
1525 1709 1627 1748 302:

66 1834 73 1837 ν
130 1777 232 1831 „qui
262 1792 421 1831 purgor
451 1778 579 1820 bilem
613 1812 621 1820 .
656 1812 664 1820 .
698 1783 743 1822 ‚⁴⁶
805 1780 948 1821 Finita
979 1780 1148 1834 quidem
1181 1780 1405 1822 verborum
1436 1785 1630 1835 tempora

132 1850 260 1892 medii
292 1851 644 1904 significationem
679 1867 855 1908 perraro
886 1858 1156 1907 receperunt-g
1197 1855 1240 1895 in
1276 1854 1515 1908 participiis
1558 1868 1632 1895 au-

130 1928 215 1967 tem
239 1925 421 1979 perfecti
441 1928 599 1981 passivi
623 1929 869 1983 saepissime
891 1928 1008 1969 notio
1029 1927 1105 1969 illa
1128 1928 1249 1969 inest.
1299 1928 1380 1970 Sed
1403 1927 1505 1982 quid
1526 1942 1633 1982 opus

122 2004 200 2041 “est
229 1998 381 2053 plura?
431 1999 496 2042 Ex
518 2002 735 2056 exemplis,
767 2016 875 2056 quae
897 2002 1250 2054 commemorabo,
1283 2002 1339 2054 id,
1372 2002 1497 2056 quod,
1530 2002 1632 2055 dixi,

126 2074 312 2128 *intelligi
343 2089 467 2129 posse
497 2077 676 2119 confido.

265 2147 319 2191 cf.
352 2162 478 2190 carm.
513 2151 545 2201 Ι,
580 2152 616 2202 1,
650 2154 698 2192 21
734 2165 817 2205 sq.:
851 2185 897 2203 „.
931 2184 940 2193 .
976 2184 985 2192 .
1017 2150 1208 2192 membra
1240 2185 1248 2194 .
1282 2184 1291 2193 .
1324 2154 1485 2192 stratus
1517 2184 1527 2193 .
1560 2154 1633 2202 .“;

130 2220 183 2274 Π,
217 2224 254 2274 7,
288 2226 310 2262 7
352 2236 413 2276 sq.
447 2257 491 2275 „.
526 2257 533 2265 .
569 2258 576 2266 .
611 2229 840 2267 coronatus
876 2226 1061 2267 nitentes
1098 2224 1366 2267 malabathro
1407 2225 1528 2279 Syrio
1566 2239 1634 2266 ca-

228 2387 251 2428 ⁸)
277 2387 322 2422 cf.
346 2387 512 2433 Ebeling.
535 2389 558 2423 l.
584 2390 606 2425 l.
631 2401 707 2435 cap.
732 2391 777 2434 ΙΙ,
802 2391 834 2436 ξ.
860 2392 889 2425 1.

225 2451 253 2491 ²)
279 2449 323 2484 cf.
347 2445 462 2485 Madv'
492 2452 514 2485 1.
540 2452 562 2487 l.
587 2453 617 2498 ξ.
644 2454 710 2488 237
735 2454 769 2489 b.

224 2514 251 2557 ³)
275 2512 404 2547 Fusius
427 2513 495 2548 hac
518 2514 562 2548 de
585 2526 624 2549 re
648 2517 722 2560 egit
745 2516 912 2552 Stadelm.
936 2517 973 2551 in
997 2517 1116 2551 libello
1143 2517 1311 2560 quodam.
1347 2528 1448 2562 quem
1477 2518 1635 2561 scripsit:

132 2574 184 2610 De
209 2574 327 2609 indole
352 2578 387 2609 et
418 2586 484 2610 usu
508 2576 614 2611 medii
640 2579 854 2613 Graecorum
886 2579 985 2613 verbi
1015 2579 1051 2612 in
1084 2579 1299 2623 diligentiori
1333 2580 1512 2613 literarum
1540 2579 1636 2613 Lati-

118 2648 256 2673 snarum
293 2638 585 2682 interpretatione
626 2641 723 2676 haud
759 2642 982 2686 negligenda.
1045 2642 1181 2676 Dessau
1222 2643 1321 2677 1824.
1376 2643 1476 2676 Illum
1518 2646 1635 2676 autem

133 2699 260 2734 librum
283 2698 458 2742 inspicere
481 2711 552 2736 non
578 2703 690 2746 potui.

61 2753 66 2756 ’
120 2794 129 2799 ,
198 2762 254 2806 st)
278 2761 323 2798 cf.
345 2761 465 2797 Madv.
489 2763 511 2797 1.
535 2763 557 2798 1.
582 2763 615 2810 §-
637 2764 704 2800 237
728 2775 761 2801 a.

173 2826 201 2842 ⁵
228 2824 253 2868 ⁵)
277 2824 322 2860 ef.
354 2824 461 2868 verg.
494 2825 584 2860 Aen.
616 2814 858 2871 11,511';1v‚
889 2828 976 2872 4933
1013 2828 1114 2863 Ovid.
1148 2834 1228 2863 met.
1262 2829 1339 2872 v11,
1374 2829 1435 2862 161
1462 2838 1530 2872 sq.;
1556 2827 1633 2862 Liv.

24 2908 39 2920 1
100 2921 102 2923 ,
133 2884 245 2929 XXV,
269 2885 323 2921 37.
