1880 3148
882 255 936 296 23

0 368 39 452 ‘ss
101 447 104 450 ῃ
158 393 338 441 'miscere
393 406 509 435 mero
554 390 777 443 muriaque
823 389 1033 434 decebit“.
1108 389 1269 440 Quibus
1314 390 1419 432 locis
1463 390 1659 433 addimus

26 478 30 483 ‘
71 467 79 496 ἶ
125 510 128 511 ⁷
162 462 242 514 sat.
272 469 337 521 ΙΙ,
376 471 420 519 8,
459 468 511 505 45
545 476 655 517 sqq.:
698 462 790 514 „his
820 463 1000 505 mixtum
1030 464 1096 504 ius
1129 467 1214 504 est:
1254 463 1346 504 oleo
1377 463 1490 516 quod
1520 465 1659 517 prima

130 570 138 574 -
163 541 338 585 Venafri
365 537 522 594 pressit
552 535 683 587 cella3
715 548 820 590 garo
851 535 903 578 de
932 537 1043 578 sucis
1062 536 1192 591 piscis
1213 535 1387 588 Hiberi;
1419 537 1516 578 vino
1539 538 1659 591 qui1i⁴

163 615 337 671 quenni,
368 625 513 655 verum
546 610 655 652 citra
684 623 804 652 mare
831 613 955 663 nato,
988 610 1089 653 dum
1120 611 1320 665 coquitur
1351 642 1361 653 .
1395 643 1404 651 .
1437 643 1446 653 .
1478 611 1657 665 pipere

162 690 271 741 albo,
301 701 387 729 non
417 686 507 727 sine
539 687 702 726 aceto.
736 716 744 725 .
779 687 826 726 .“
880 685 1013 735 Quem
1044 685 1185 727 locum
1216 684 1338 727 valde
1368 684 1512 736 miror,
1544 685 1658 738 quod

150 761 352 813 >Ebeling.
383 756 680 799 adnumeravit
711 756 763 797 iis
793 757 909 808 locis,
942 757 1096 810 quibus
1126 761 1203 799 aut
1223 758 1394 799 dativus
1416 762 1526 798 esset
1546 758 1659 811 posi-

160 839 251 887 tus,
297 835 373 875 aut
412 833 590 886 propter
629 829 810 872 formam
850 831 1174 884 grammaticam
1211 831 1255 873 in
1297 830 1472 873 dubium
1516 831 1659 873 vocari

161 911 322 963 posset,
362 909 459 946 uter
496 918 619 945 casus
657 907 770 944 esset
810 904 1075 946 statuendus.
1137 906 1403 959 Quamquam
1436 906 1547 946 enim
1577 919 1659 946 vox

162 982 281 1034 „his“
312 982 356 1020 et
386 977 575 1019 dativum
600 981 642 1018 et
663 977 899 1018 ablativum
921 977 1088 1020 efficere
1109 982 1264 1032 potest,
1297 983 1440 1021 tamen
1462 993 1484 1020 e
1505 978 1657 1029 verbis,

152 1067 271 1109 >quae
314 1053 572 1105 sequuntur:
617 1050 737 1102 „oleo
770 1083 777 1091 .
815 1084 822 1092 .
856 1084 866 1093 .
898 1084 908 1094 ,
940 1052 1086 1106 pipere
1122 1051 1247 1093 albo“
1281 1052 1419 1093 elucet
1453 1051 1534 1093 hoc
1562 1051 1656 1093 loco

162 1127 279 1179 „his“
312 1139 403 1166 esse
435 1124 684 1165 ablativum.
739 1124 848 1165 Nam
879 1139 960 1177 res,
993 1139 1099 1179 quas
1130 1127 1258 1178 poeta
1288 1140 1374 1166 una
1404 1112 1503 1166 voce
1536 1124 1656 1176 ‚‚his“

25 1246 29 1255 ,
94 1225 116 1248 »,
162 1200 404 1254 complexus
445 1200 530 1249 est,
575 1196 735 1249 verbis,
781 1211 891 1251 quae
930 1202 1182 1253 sequuntur,
1229 1198 1421 1251 singulae
1457 1198 1657 1253 deinceps

159 1276 484 1322 enumerantur,
535 1272 598 1312 ita
639 1276 686 1311 ut
728 1271 832 1312 haec
877 1272 1007 1313 verba
1048 1276 1195 1325 aperte
1247 1273 1526 1325 appositionis
1565 1273 1655 1312 vice

159 1346 402 1400 fungantur,
436 1357 565 1398 quam
596 1357 761 1398 semper
793 1344 971 1386 eundem
1004 1358 1148 1387 casum
1180 1344 1373 1387 obtinere
1405 1348 1534 1399 atque
1558 1344 1656 1386 sub-

161 1420 415 1470 stantivum,
460 1418 527 1458 cui
567 1418 772 1459 adiuncta-
810 1418 884 1469 sit,
927 1432 1049 1459 nemo
1093 1420 1241 1460 nescit.
1302 1419 1420 1459 Idem
1459 1419 1572 1460 valet
1612 1419 1657 1458 in

161 1492 282 1547 epod.
320 1495 364 1544 9,
404 1495 426 1532 5
472 1505 554 1545 8(].;
609 1495 813 1543 „sonante
850 1491 1029 1533 mixtum
1068 1492 1184 1534 tibiis
1222 1506 1394 1533 carmen
1424 1491 1536 1546 lyra,
1577 1491 1657 1533 hac

91 1567 97 1570 ’
160 1565 362 1616 Dorium,’
396 1565 481 1605 illis
512 1564 784 1606 barbarum“.
801 1566 833 1619 ¹)
895 1565 1041 1618 Neque
1071 1566 1233 1615 minus,
1272 1566 1307 1605 si
1342 1565 1511 1618 quidem
1543 1564 1657 1605 codi-

161 1651 256 1679 cum
286 1638 587 1680 auctoritatem
618 1638 896 1692 respicimus,
939 1638 1173 1680 ablativum
1212 1638 1348 1680 forma
1379 1638 1658 1691 grammatica

162 1714 306 1754 tuetur
334 1711 379 1753 in
409 1725 537 1753 carm.
570 1712 646 1764 IV,
684 1716 723 1764 1,
767 1715 815 1753 12
848 1726 959 1766 sqq.:
1004 1745 1050 1764 ‚,.
1085 1745 1092 1753 .
1127 1745 1135 1753 .
1167 1713 1343 1766 lyraque
1375 1715 1419 1752 et
1450 1712 1658 1765 Berecyn-

161 1784 254 1826 thia
284 1784 551 1827 delectabere
582 1785 689 1827 tibia
725 1786 868 1827 mixtis
910 1785 1170 1828 carminibus
1214 1800 1298 1827 non
1344 1785 1434 1826 sine
1472 1784 1659 1835 fistula“,

162 1856 235 1899 ubi
275 1857 468 1912 Ebeling.
509 1859 621 1900 male
666 1859 850 1901 alteram
893 1859 1141 1901 lectionem:
1175 1892 1218 1910 ‚‚.
1253 1892 1262 1900 .
1297 1893 1304 1900 .
1340 1892 1348 1900 .
1376 1859 1579 1913 lyraeque
1617 1862 1660 1899 et

163 1931 471 1986 Berecynthiae
502 1931 771 1974 delectabere
799 1931 930 1974 tibiae
974 1965 982 1974 .
1016 1965 1024 1973 .
1058 1936 1105 1973 .“
1135 1932 1340 1976 laudavit.
1403 1931 1485 1974 Sed
1507 1931 1558 1973 de
1583 1931 1663 1973 hoc

163 2002 257 2046 loco
287 2004 538 2047 difficillimo
568 2010 719 2059 postea
748 2005 942 2059 pluribus
971 2005 1109 2048 verbis
1140 2005 1445 2059 disputandum
1478 2005 1571 2046 erit.

300 2077 350 2119 In
399 2082 479 2121 sat.
528 2079 593 2131 ΙΙ,
644 2083 692 2132 4,
743 2082 794 2120 55
852 2082 896 2121 et
953 2081 1003 2120 65
1046 2083 1188 2121 autem
1246 2079 1425 2121 miscere
1474 2078 1663 2132 aliquam

165 2163 256 2191 rem
327 2151 473 2205 aliqua
522 2167 568 2195 re
624 2153 785 2195 usitato
837 2155 1062 2208 poetarum
1115 2167 1234 2195 more
1292 2156 1545 2207 usurpatum
1602 2155 1667 2194 est

167 2234 244 2276 pro
275 2226 546 2268 commiscere
576 2227 663 2269 sive
704 2227 957 2281 permiscere
972 2227 1005 2283 2)
1051 2227 1137 2269 sive
1181 2227 1439 2269 confundere
1478 2227 1665 2280 aliquam

0 2338 6 2347 f
33 2308 42 2313 “
101 2352 104 2353 ⁷
167 2308 258 2337 rem
289 2311 384 2339 cum
415 2298 561 2353 aliqua
591 2300 700 2355 re.3)
753 2301 869 2351 Quae
900 2300 1030 2342 verba
1061 2301 1164 2354 quid
1195 2300 1433 2355 significent
1464 2300 1568 2342 satis
1595 2313 1665 2340 no-

167 2361 259 2433 tuni¹
289 2383 383 2411 esse
412 2376 626 2425 putamus.
676 2373 760 2416 Sed
780 2374 1062 2416 omittendum
1091 2389 1175 2417 non
1208 2379 1285 2426 est,
1318 2388 1444 2428 saepe
1474 2373 1572 2415 huic
1602 2373 1668 2414 vel

268 2517 289 2560 ¹)
313 2517 356 2551 cf.
384 2517 428 2552 de
451 2519 519 2554 hoc
542 2521 618 2556 loco
643 2522 674 2567 ξ.
699 2523 721 2557 5
743 2533 777 2567 p.
804 2522 858 2557 27.

261 2579 289 2622 2)
314 2578 436 2615 Cicero
461 2583 602 2626 saepius
618 2584 735 2619 verbis
755 2585 956 2629 compositis
979 2585 1098 2627 utitur,
1125 2595 1334 2629 quamquam
1351 2584 1496 2619 verbum
1521 2584 1668 2628 simplex

117 2642 124 2644 ”
170 2638 275 2673 etiam
304 2650 566 2686 nonnumquam
597 2645 798 2689 invenitur,
831 2652 869 2680 ut
906 2656 961 2681 res
993 2647 1088 2690 publ.
1123 2647 1166 2689 ΙΙ,
1195 2648 1223 2689 1,
1249 2648 1279 2689 1,
1311 2646 1507 2690 „gravitate
1539 2645 1668 2679 mixtus

118 2734 120 2736 ,
169 2700 301 2745 Ιθροε.“
348 2702 394 2738 cf.
418 2703 461 2738 de
485 2709 557 2740 nat.
584 2706 680 2744 deor.
704 2709 730 2750 Ι,
756 2709 810 2752 27,
836 2709 878 2743 75

264 2765 289 2818 ³)
314 2765 423 2800 Verbi
447 2767 685 2805 confundendi
709 2772 858 2806 eandem
877 2772 1168 2816 significationem
1194 2779 1226 2805 et
1254 2772 1549 2805 constructionem
1564 2774 1670 2813 atque

139 2845 143 2848 -
171 2825 270 2859 verbi
292 2827 462 2863 miscendi
490 2833 593 2874 poeta
617 2841 696 2868 esse
719 2835 831 2869 voluit
854 2835 889 2869 in
923 2834 1077 2869 eiusdem
1104 2835 1232 2869 satirae
1258 2846 1289 2868 v.
1314 2834 1369 2870 67.
1392 2834 1480 2877 „hoc
1506 2832 1563 2867 ubi
1589 2842 1669 2867 con-

107 2892 109 2894 ’
173 2885 287 2921 fusum
311 2891 415 2924 sectis
439 2916 448 2926 .
473 2918 481 2927 .
506 2919 514 2928 .
539 2894 693 2931 herbis.“
719 2898 821 2942 epist.
846 2898 890 2940 11,
916 2897 947 2940 3,
972 2899 1050 2932 213·
