1880 3148
593 756 1091 833 QUAESTIO
1140 756 1283 822 III.

492 907 535 957 lle
570 908 746 970 participii,
781 907 942 969 geminii,
977 906 1077 969 supini
1113 920 1169 956 usu
1205 907 1383 957 Horatiano.

182 1009 468 1078 Priusquam
499 1024 554 1066 ad
584 1039 674 1066 rem
704 1025 841 1078 ipsam
864 1038 931 1065 me
953 1023 1182 1076 conferam,
1218 1038 1348 1077 quam
1378 1024 1422 1065 in
1451 1023 1533 1066 hac
1561 1039 1689 1079 quae-

185 1099 324 1139 stione
355 1112 422 1139 me
453 1102 741 1139 tractaturum
773 1112 863 1139 esse
893 1097 1112 1151 professus
1143 1111 1257 1148 sum,
1297 1111 1471 1146 moneo,
1502 1111 1562 1151 >ne
1591 1099 1720 1152 quis·

185 1174 405 1226 exspectet
434 1185 501 1213 me
529 1184 639 1212 nova
659 1171 710 1212 de
732 1171 985 1212 Latinorum
1005 1171 1250 1225 participio,
1283 1171 1502 1225 gerundiQ
1534 1172 1687 1225 supino

182 1249 416 1299 praecepta
445 1245 716 1299 prolaturum
747 1259 862 1296 esse,
904 1245 1160 1298 praesertim
1198 1258 1329 1297 quum
1365 1258 1435 1286 res
1475 1245 1576 1287 illae
1603 1245 1689 1288 sint
1738 1298 1743 1302 ᾖ
1791 1259 1806 1269 ’·
1835 1236 1877 1275 ²⁴⁴

184 1319 434 1361 notissimae
473 1324 516 1360 et
557 1333 583 1360 a
614 1319 716 1360 viris
759 1318 1018 1360 doctissimis
1051 1332 1216 1360 summa
1248 1332 1342 1359 cum
1374 1317 1597 1371 diligentia
1626 1319 1691 1361 in—

184 1394 370 1447 quisitae
401 1397 531 1447 atque
561 1393 816 1434 illustratae.
832 1392 864 1449 ¹)
915 1392 1008 1434 Hoc
1029 1407 1159 1434 unum
1182 1392 1286 1434 mihi
1315 1393 1530 1446 proposui,
1561 1406 1690 1447 quam

178 1467 512 1524 diligentissime
544 1480 771 1520 quaerere,
804 1470 1016 1519 quatenus
1047 1466 1254 1507 Horatius
1283 1466 1399 1518 leges
1429 1466 1550 1518 illas,
1582 1469 1700 1519 quas

183 1541 374 1582 homines
415 1541 608 1593 ingenuis
647 1539 813 1590 artibus
855 1540 1057 1581 instructi
1097 1539 1306 1593 politique
1349 1553 1402 1581 ex
1431 1532 1712 1594 optimorum'

183 1614 395 1668 pedestris
433 1614 640 1654 orationis
657 1614 930 1666 ,scriptorum
970 1627 1051 1653 usu
1088 1612 1140 1670 de
1176 1613 1427 1666 participio,
1469 1613 1688 1666 gerundio,

184 1687 336 1742 supino
368 1690 625 1739 statuerunt,
663 1691 740 1728 aut
771 1685 1060 1728 observaverit
1090 1690 1166 1728 aut
1195 1686 1442 1749 neglexerit.
1505 1689 1599 1737 Qua
1628 1688 1690 1730 in-

185 1761 416 1814 quisitione
449 1761 484 1802 si
516 1761 620 1814 quid
649 1760 704 1801 ad
736 1760 990 1813 explicanda
1015 1763 1170 1814 poeitae
1193 1760 1309 1801 illius
1341 1774 1471 1814 opera
1502 1761 1689 1802 contule·
1747 1791 1752 1795 -

184 1835 281 1884 rim,
313 1835 415 1876 mihi
448 1835 552 1876 satis
583 1835 679 1876 erit.
732 1834 814 1876 Sed
845 1835 932 1875 iam
963 1833 1018 1876 ad
1048 1847 1137 1876 rem
1168 1833 1309 1887 ipsam
1338 1838 1620 1877 transeamus.

813 1975 972 2030 CAP.
1014 1974 1059 2028 I.

686 2085 765 2128 De
813 2088 1181 2144 participio.

322 2179 384 2219 Ao
414 2178 598 2231 primum
631 2177 804 2231 quidem
835 2179 1044 2221 disseram
1081 2180 1133 2222 de
1163 2181 1413 2236 participio,
1456 2180 1576 2222 cuius
1613 2192 1688 2220 na-

183 2257 328 2295 turam
360 2255 491 2306 atque
522 2251 708 2293 indolem
730 2251 915 2295 Haasius
930 2252 962 2309 2)
996 2254 1157 2308 optime
1186 2254 1252 2296 his
1280 2254 1420 2297 verbis
1440 2250 1687 2308 explicavit:
1723 2277 1732 2283 -

181 2401 334 2446 Legitur
365 2406 484 2435 tamen
517 2404 552 2434 et
584 2399 725 2444 quidem
754 2400 884 2445 ubique
916 2411 944 2437 c.
974 2412 1090 2437 accus.
1122 2402 1210 2447 (sive
1239 2406 1350 2445 nom.)
1393 2406 1429 2437 et
1457 2400 1576 2437 dativo
1607 2408 1688 2434 con»

181 2463 341 2497 iunctum
365 2463 403 2497 in
428 2462 522 2496 Livii
548 2462 568 2497 l.
594 2462 653 2497 IV.
679 2473 708 2497 c.
733 2464 776 2497 56
802 2463 917 2508 „quod
941 2464 1079 2498 turbam
1105 2464 1332 2509 indignorum
1356 2464 1615 2499 canditatorum
1637 2460 1689 2495 in-

179 2525 418 2561 termiscendo
442 2524 560 2569 dignis
587 2553 593 2559 .
620 2552 629 2560 .
654 2527 712 2570 .“;
736 2525 782 2562 ib.
806 2527 851 2571 X,
876 2526 939 2572 20;
972 2527 1080 2571 Verg.
1113 2526 1177 2563 ecl.
1207 2527 1252 2571 X,
1282 2527 1306 2562 4
1337 2537 1390 2572 sq.
1420 2526 1496 2570 „sic
1523 2524 1588 2560 tibi
1614 2551 1621 2558 .
1645 2519 1690 2559 ,1

179 2588 286 2623 Doris
310 2598 432 2623 amara
456 2598 552 2623 suam
578 2598 649 2622 non
672 2588 912 2624 intermisceat
935 2590 1111 2633 undam··';
1135 2591 1317 2626 nonnullis
1341 2590 1421 2625 aliis
1443 2588 1541 2623 locis.
1671 2587 1679 2593 '

276 2652 304 2694 ¹)
331 2651 378 2686 Ut
401 2650 489 2685 alios
514 2651 689 2693 omittam,
724 2653 783 2697 qui
808 2653 921 2687 fusius
945 2653 1011 2687 hac
1036 2653 1080 2687 de
1104 2663 1143 2688 re
1166 2656 1331 2698 egerunt,
1361 2650 1467 2686 laudo
1496 2645 1690 2691 Reisigium
1729 2689 1732 2692 Ι
1808 2695 1880 2709 t

181 2713 334 2758 (Vorles.
360 2712 449 2748 iiber
472 2713 533 2749 lat.
568 2713 907 2757 Sprachwissensch.
942 2715 998 2752 ed.
1030 2715 1139 2751 Haas.
1158 2714 1258 2759 Lips,
1284 2713 1388 2757 1839,
1421 2724 1455 2757 p.
1485 2706 1691 2753 vil-⁷⁴28),
1724 2714 1746 2757 ᾗ
1853 2738 1880 2771 Γ.

178 2776 350 2811 Haasium
377 2776 512 2818 (adnot.
544 2776 590 2811 ad
621 2776 769 2821 Reisigii
792 2777 929 2822 verba),
961 2777 1211 2813 Gernhardum
1243 2775 1439 2822 (opuscula
1470 2773 1571 2817 Lips.
1586 2769 1692 2805 *1836
1739 2792 1743 2795 -
1770 2791 1773 2794 κ
1860 2780 1880 2795 ⁸<

179 2850 213 2883 p.
238 2838 445 2882 110-152),
468 2838 690 2882 Madvigium
713 2839 866 2885 (Latein.
890 2841 1048 2877 Gramm.
1072 2841 1104 2887 ξ.
1128 2840 1311 2876 423-432
1334 2838 1390 2874 ed.
1410 2835 1488 2880 ΠΙ.)

272 2903 299 2949 ²)
323 2901 366 2938 cf.
391 2901 499 2937 Haas.
523 2901 547 2937 l.
572 2901 593 2936 l.
618 2902 700 2939 adn.
725 2902 803 2937 578.
