1880 3148
0 225 7 299 ζ
59 234 87 250 Γ
108 267 115 272 ·
179 221 333 301 mones
353 254 702 305 luculentissime
721 258 905 325 apparet
923 234 975 300 ex
1003 256 1159 312 ipsius.
1154 228 1356 306 Horaia-
1363 256 1377 265 ”
1396 248 1410 306 ,’

116 804 130 821 „
180 772 338 828 eripias
368 772 404 813 si
434 775 631 826 tempora
672 775 792 814 certa
829 771 1085 826 modosque,
1132 777 1174 814 et
1218 771 1335 826 quod
1375 771 1497 828 prius
1536 756 1702 829 ordifi'fl.

118 1328 123 1332 .
182 1289 286 1331 licet
314 1289 375 1330 sic
404 1292 682 1343 transponas:
742 1288 976 1342 Postquam
1007 1288 1219 1330 discordia
1250 1291 1366 1330 tetra
1395 1287 1576 1344 refregit
1600 1286 1689 1337 fet*

178 319 1041 413 enimdesatirissmsfateturinsat.
1072 329 1113 383 1,
1144 333 1192 390 4
1222 330 1449 388 49ης.

182 564 334 606 neque,
365 551 402 594 si
431 551 528 605 quis
548 550 724 603 scribat,
755 551 819 593 uti
846 564 937 604 nos,
970 551 1156 594 sermoni
1177 551 1405 616 propiora,
1423 537 1694 608 pute-hunss

182 637 275 667 esse
319 626 503 679 poetam.
509 628 528 646 ‘²
593 623 731 666 Multo
775 623 935 666 clarius
968 624 1081 666 idem
1123 613 1264 666 elucet
1307 638 1359 667 ex
1401 639 1441 668 v
1478 628 1556 669 56
1580 624 1583 627 ’

185 731 206 751 ‚,
239 696 475 742 ..his
522 711 599 752 ego
640 711 750 752 quae
787 710 900 739 nunc
915 731 924 748 ‚
970 697 1071 740 olim
1117 711 1227 752 quae
1275 698 1452 753 scripsit
1483 693 1675 776 Lucili*

180 844 358 890 verbum
384 848 451 888 est
478 845 694 900 posterius
724 844 881 898 facias,
911 859 1180 901 praeponens
1210 845 1365 888 ultima
1381 846 1569 901 primis:-

180 923 232 963 ut
259 920 298 962 si
328 919 470 962 solvas
502 923 753 974 „postquam
776 919 1001 962 Discordia
1029 923 1175 962 taetra
1203 919 1306 962 belli
1335 910 1570 976 ferratosp

179 996 415 1050 portasque
445 994 645 1049 1·efregit“
681 994 872 1036 invenias
895 994 1027 1036 etiam
1042 992 1213 1036 disiecti
1236 992 1428 1036 membra
1447 983 1669 1054 poetaeffsss

184 1067 304 1120 Quae
334 1067 466 1110 verba
498 1068 683 1110 Orellius
713 1067 820 1109 bene
852 1068 913 1109 sic
944 1068 1149 1122 explicat:
1216 1068 1334 1119 „Non
1372 1069 1419 1110 in
1453 1068 1562 1110 meis
1582 1063 1689 1112 ‘vers

182 1141 301 1184 sibus
331 1141 484 1184 solutis
528 1142 717 1183 invenies
740 1140 934 1183 membra
973 1143 1129 1195 poetae
1168 1142 1362 1195 quamvis
1402 1140 1618 1194 disiecti„
1622 1136 1703 1203 tit}
1716 1136 1741 1187 ’ξ’

182 1215 373 1259 invenies
402 1215 448 1257 in
478 1215 670 1257 versibus
700 1215 768 1257 his
790 1215 996 1257 Ennianis
1027 1214 1158 1257 verba
1185 1219 1228 1257 et
1257 1215 1466 1269 imagines
1495 1214 1698 1270 poeticas
1733 1202 1736 1205 ¹

182 1366 303 1406 ratos
341 1367 486 1417 postes
526 1367 760 1417 portasque
790 1363 905 1406 belli.
910 1367 929 1385 “
996 1362 1088 1404 Hoc
1128 1363 1259 1416 igitur
1304 1364 1434 1417 poeta
1463 1362 1742 1439 εἰςιιιῇθιῂὲῗ

189 1449 361 1490 „versus
408 1437 491 1479 mei
536 1436 666 1479 soluti
711 1436 952 1491 quotidiani
996 1435 1085 1479 fere
1126 1437 1335 1479 sermonis
1382 1437 1473 1479 sive
1501 1434 1738 1494 vulgans
1732 1423 1736 1428 ’

185 1510 351 1555 solutae
382 1511 589 1553 orationis
619 1510 803 1565 speciem
834 1524 936 1565 prae
966 1524 1011 1553 se
1041 1510 1220 1553 ferent“.
1235 1510 1270 1568 ²)

323 1585 442 1636 Quae
459 1599 555 1626 cum
567 1585 631 1626 ita
646 1586 746 1637 sint,
763 1599 847 1627 non
863 1584 1013 1627 dubito
1030 1585 1287 1628 contendere
1300 1585 1558 1628 Horatium'
1544 1580 1599 1628 ln
1605 1597 1715 1632 ser·-
1740 1578 1742 1580 V

183 1658 382 1703 monibus
398 1658 570 1713 quidem
586 1673 684 1711 non,
697 1662 746 1701 ut
755 1661 940 1714 poetam,
950 1673 1083 1714 propr
1083 1659 1127 1702 ia
1143 1659 1330 1714 quadam
1339 1659 1507 1704 ratione
1517 1644 1742 1714 dum
1728 1671 1794 1722 '5‘

185 1732 410 1777 enuntiata
432 1736 557 1785 „sunt
574 1733 660 1787 qui,
677 1736 744 1775 est
759 1733 844 1787 qui,
849 1732 1052 1774 “similia
1067 1732 1192 1774 modo
1210 1717 1764 1785 cum1nd10at1vomede“'³
1804 1716 1812 1723 ὤ

185 1821 284 1850 cum
304 1808 572 1850 coniunctivo
606 1808 887 1858 coniunxisse,
919 1806 992 1848 sed
1022 1807 1103 1848 hac
1133 1807 1175 1848 in
1208 1821 1253 1849 re
1283 1806 1443 1862 ubique
1462 1806 1706 1869 seim

184 1883 317 1936 atque
337 1881 489 1923 tritum
512 1880 677 1924 solutae
709 1881 915 1923 orationis
945 1894 1070 1922 usum
1098 1880 1340 1935 amplexum
1375 1894 1480 1924 esse.
1527 1878 1624 1924 Sed
1632 1878 1696 1935 ᾧ

185 1954 293 1998 hoc
279 1968 373 2010 ipso
392 1954 466 1996 diu
482 1955 746 2009 multumque
765 1958 1038 1996 certaverunt
1057 1955 1338 2008 grammatici,
1366 1967 1549 2009 quorum
1568 1960 1693 2008 ιιθέο

132 2027 136 2029 ’
187 2033 278 2084 est,
323 2028 380 2072 ad
426 2029 547 2072 cuius
587 2029 844 2072 sententiam
874 2042 1051 2084 proisus
1090 2027 1379 2072 accedendum
1409 2041 1501 2072 esse
1530 2041 1590 2083 pu

185 2104 279 2148 Illis
308 2105 422 2147 enim
442 2104 652 2146 maximae
675 2105 737 2145 rei
771 2104 885 2146 illius
905 2103 1182 2158 explicandae
1204 2102 1478 2147 difficultates
1499 2116 1553 2145 ex
1593 2149 1602 2155 ,

185 2192 306 2235 quae
328 2179 576 2233 saepissime
598 2179 827 2232 reperitur,
858 2178 1092 2220 lectionum
1111 2178 1322 2219 varietate
1343 2176 1541 2221 videntur
1561 2168 1731 2243 exest-‚3

186 2253 305 2296 tisse.
367 2251 491 2294 Unde
522 2251 685 2293 factum
717 2256 793 2304 est,
824 2256 873 2293 ut
902 2252 1049 2293 multis
1078 2252 1336 2306 scriptorum
1364 2250 1493 2303 locis,
1535 2242 1744 2307 quibua
1737 2238 1742 2247 ξ

187 2341 214 2370 a
254 2326 561 2370 recentissimis
592 2325 828 2368 editoribus
858 2339 910 2367 ex
945 2325 1138 2367 codicum
1169 2325 1429 2367 auctoritate
1464 2323 1701 2383 restitum

187 2404 256 2445 est
283 2399 594 2451 coniunctivus‚
626 2398 904 2441 indicativum
933 2399 997 2441 illi
1027 2398 1149 2441 enixe
1179 2398 1291 2440 tueri
1311 2401 1451 2452 atque
1464 2384 1696 2447 defendere

283 2504 310 2548 ¹)
333 2502 433 2537 ldem
465 2499 652 2536 dicendum
685 2510 762 2536 esse
793 2501 838 2536 de
870 2501 1030 2546 epistolis
1061 2498 1177 2537 elucet
1207 2510 1252 2536 ex
1281 2500 1384 2547 epist.
1416 2496 1462 2544 Π,
1495 2499 1527 2543 1,
1550 2488 1689 2547 ποί(

188 2588 208 2606 ,,
233 2587 243 2599 .
268 2588 276 2597 .
302 2587 313 2597 .
340 2589 344 2594 .
371 2569 437 2595 nec
461 2567 641 2594 sermones
674 2568 743 2603 ego
767 2558 908 2594 mallem
931 2563 1098 2604 repentes
1121 2567 1186 2604 per
1217 2558 1362 2593 humum
1387 2564 1492 2602 quam
1522 2557 1598 2591 res*

187 2625 322 2665 ponere
346 2620 478 2662 gestas
482 2618 501 2635 ‘⁴
1600 2642 1602 2645 ,

281 2675 311 2720 ²)
327 2672 429 2718 Quod
446 2676 689 2718 quantumque
705 2672 893 2707 discrimen
910 2673 956 2707 sit
975 2671 1186 2714 faciendum,
1202 2678 1382 2716 exponere
1395 2667 1529 2715 atque?
1596 2682 1601 2692 ·

187 2744 211 2770 a
230 2731 415 2796 proposito
439 2739 518 2767 meo
540 2730 718 2767 abhorret.
767 2729 928 2766 Sufficiet
949 2729 1035 2766 mihi
1061 2729 1326 2765 demonstrasse
1347 2736 1388 2762 re
1414 2733 1500 2761 vem-a
1512 2708 1600 2779 ins-23

188 2789 283 2825 inter
303 2788 464 2825 carmina
485 2791 523 2823 et
545 2787 674 2823 satiras
698 2787 948 2832 epistolasque
1563 2799 1567 2801 “
