1880 3148
826 178 844 239 J
876 177 931 229 30

151 326 195 364 et
224 318 376 365 turdos
404 322 449 365 in
470 336 556 364 una
580 335 711 364 coena
731 321 879 364 statim
909 320 1113 377 deinceps
1135 316 1386 377 comederis,
1412 326 1439 367 i.
1467 340 1504 369 e.
1525 315 1664 376 simul-

151 396 262 438 elixa
274 409 370 438 cum
391 396 511 447 assis,
534 395 658 437 simul
681 395 902 449 conchylia
923 409 1019 436 cum
1040 396 1179 438 turdis
1194 398 1319 450 quasi
1339 381 1661 457 commiscuistis

151 469 294 512 dulcia
323 482 368 511 se
400 502 410 511 .
443 501 452 510 .
486 471 531 510 .“
563 468 703 510 Possit
733 467 915 511 forsitan
936 468 980 510 id
1002 469 1195 523 cogitari,
1227 470 1341 525 quod
1366 470 1658 524 inlstomaehd'

149 542 243 585 fieri
274 543 396 586 solet.
457 542 540 584 Sed
576 546 793 596 utcunque
831 557 900 585 res
932 557 976 584 se
1005 543 1154 596 habet,
1195 558 1247 585 ex
1284 543 1412 587 Ofelli
1440 529 1654 592 sententis
1684 589 1688 593 .

151 616 263 659 elixa
284 629 380 658 cum
395 616 515 668 assis,
547 615 769 670 conchylia
792 629 887 658 cum
909 616 1047 658 turdis
1069 618 1451 661 commiscerentur
1479 625 1658 665 necesse
1690 628 1694 633 ‘
1715 607 1718 611 ¹
1748 648 1777 667 κ,

150 695 256 742 erat,
287 695 336 731 ut
364 690 472 731 illud
500 688 634 739 fieret,
668 689 783 742 quod
813 689 968 731 docent
996 690 1126 731 verba
1156 691 1442 744 insequentia:
1480 692 1650 744 „dulcia
1669 713 1672 715 ·
1692 686 1711 693 '⁷
1732 690 1748 697 ⁷

150 777 194 805 se
223 764 268 805 in
296 762 424 805 bilem
456 765 640 814 vertent,
682 762 987 816 stomachoque
1024 763 1256 804 tumultum
1295 761 1413 806 lenta·
1438 765 1560 809 ,feret
1588 752 1676 821 pi7*

147 838 261 879 tuita
291 869 303 881 .
336 870 344 879 .
377 839 423 882 .“

285 928 365 965 sat.
397 922 451 976 ΙΙ,
483 926 521 975 4,
555 925 626 964 24:
660 921 881 974 „Aufidius
911 921 1012 981 forti
1043 921 1251 964 miscebat
1279 923 1409 965 mella
1437 924 1648 968 Falerno“

146 999 174 1039 i.
206 1013 240 1040 e.
300 997 497 1039 Aufidius
537 997 665 1038 mella
702 997 1005 1040 commiscebat
1044 1012 1139 1040 cum
1183 997 1286 1040 forti
1327 999 1423 1041 vino
1467 999 1650 1042 Falerno

146 1071 203 1114 ad
233 1070 503 1113 efficiendum
534 1070 730 1124 mulsum,
757 1071 936 1127 ¹).quod
971 1072 1092 1114 initio
1121 1085 1277 1115 coenae
1307 1072 1488 1115 Romani
1517 1073 1649 1117 libere
1701 1104 1703 1108 ι

146 1145 353 1187 solebant.
379 1145 413 1200 2)

282 1231 406 1285 epist,
438 1229 470 1282 I,
506 1232 570 1281 16,
603 1233 678 1271 54:
712 1230 797 1281 „sit
828 1244 924 1284 spes
964 1229 1140 1271 fallendi
1171 1229 1368 1272 miscebis
1399 1245 1521 1273 sacra
1550 1246 1650 1286 pro-

144 1303 282 1346 fanis“
321 1304 348 1345 i.
387 1317 442 1345 e.:
486 1304 543 1344 sit
588 1317 684 1357 spes
730 1303 905 1344 fallendi
942 1302 1234 1345 commiscebis
1283 1304 1369 1345 sive
1417 1303 1650 1346 confundes

144 1391 269 1420 sacra
298 1391 396 1420 cum
436 1377 639 1432 profanis.
680 1377 707 1418 i.
740 1391 775 1419 e.
815 1391 899 1418 non
935 1377 1021 1418 iam
1059 1376 1275 1419 discernes
1312 1391 1436 1419 sacra
1473 1381 1517 1419 et
1552 1366 1650 1433 pro-

144 1452 257 1495 fana.

283 1527 406 1580 epist.
437 1526 492 1577 II,
525 1529 562 1577 3,
596 1528 676 1566 343
709 1539 792 1579 sq.:
828 1539 976 1577 „omne
1007 1525 1108 1567 tulit
1136 1530 1353 1579 punctum,
1386 1527 1458 1580 qui
1479 1512 1677 1568 miscu'itr

145 1600 250 1642 utile
281 1599 421 1652 dulci,
452 1600 655 1641 lectorem
700 1599 951 1641 delectando
993 1599 1241 1653 pariterque
1270 1600 1522 1652 monend0“,
1553 1600 1579 1641 i.
1612 1613 1647 1643 e.

145 1688 267 1716 omne
309 1674 410 1715 tulit
445 1677 670 1728 punctum,
710 1674 782 1727 qui
813 1673 917 1715 utile
960 1687 1055 1715 cum
1100 1673 1215 1715 dulci
1253 1675 1519 1716 commiscuit
1562 1675 1648 1716 sive

144 1735 377 1791 coniunxit.
398 1748 431 1804 ³)
495 1748 601 1790 Sunt
633 1748 706 1801 qui
736 1761 880 1789 vocem
920 1747 1087 1799 „dulci“
1130 1747 1319 1789 dativum
1359 1750 1647 1806 esseputent,

143 1823 204 1864 sic
235 1822 323 1864 fere
363 1821 493 1864 verba
532 1822 819 1876 explicantes:
861 1836 983 1863 omne
1022 1822 1125 1863 tulit
1160 1826 1383 1875 punctum,
1429 1813 1643 1875 qui'utile

144 1896 259 1938 dulci
289 1896 539 1948 immiscuit,
578 1896 664 1937 sive
695 1896 769 1949 qui
800 1895 923 1937 dulce
954 1910 1050 1937 cum
1080 1895 1176 1937 utili
1207 1895 1439 1937 coniunxit.
1455 1895 1490 1950 4)
1551 1894 1644 1945 Qua

144 1970 429 2025 explicatione
466 1968 744 2024 comprobata
790 1972 969 2024 urgetur
1008 1983 1088 2011 vox
1129 1968 1315 2021 „dulci“‚
1365 1968 1486 2023 quasi
1529 1966 1643 2022 apud

239 2154 262 2197 ¹)
286 2153 330 2188 cf.
354 2153 468 2197 Kriig.

235 2217 263 2261 ²)
288 2216 401 2251 Recte
424 2215 511 2250 haec
535 2215 644 2249 verba
668 2214 844 2259 explicata
876 2224 953 2249 esse
986 2214 1087 2248 testis
1113 2217 1166 2248 est
1196 2214 1274 2259 ipse
1302 2213 1471 2248 Horatius
1503 2216 1567 2247 sat,
1596 2210 1642 2254 11,

139 2279 178 2322 2,
204 2279 249 2313 15
272 2289 343 2323 sq.:
374 2288 524 2322 „sperne
549 2278 663 2312 cibum
688 2278 808 2311 vilem:
840 2278 906 2311 nisi
932 2278 1112 2322 Hymettia
1135 2277 1241 2312 mella
1265 2277 1418 2311 Falerno
1442 2285 1487 2309 ne
1511 2272 1641 2308 biberis
1701 2287 1706 2290 ·

139 2341 249 2376 diluta
274 2367 283 2377 .
308 2369 315 2375 .
342 2342 378 2376 .“
403 2340 447 2376 cf.
472 2340 554 2374 ibid.
580 2339 707 2374 Heind.

234 2405 261 2448 ³)
284 2404 425 2438 Mecum
449 2403 648 2437 consentire
676 2402 779 2437 video
804 2403 1043 2446 Dillenburg.,
1077 2415 1183 2447 quum
1212 2403 1301 2437 haec
1330 2402 1374 2436 ad
1409 2413 1439 2435 v.
1472 2399 1539 2434 333
1562 2408 1641 2441 sqq.

138 2465 300 2501 adnotet:
333 2465 518 2509 „Alterum
543 2474 588 2499 ex
610 2465 653 2499 iis
677 2464 876 2509 praeceptis
901 2491 910 2500 .
936 2492 943 2499 .
968 2491 975 2498 .
1000 2464 1068 2499 hoc
1097 2468 1167 2499 est:
1201 2467 1356 2509 poetam,
1390 2462 1453 2507 qui*
1478 2459 1640 2506 omnibus
1694 2489 1700 2493 .
1742 2485 1747 2492 ,

140 2529 227 2563 velit
250 2528 404 2573 probari,
429 2528 556 2563 docere
580 2528 682 2562 simul
706 2527 835 2562 debere
860 2532 896 2562 et
920 2528 1097 2562 delectare
1125 2527 1297 2571 legentes,
1325 2521 1539 2572 miscendam
1562 2530 1640 2556 esse

136 2591 326 2626 utilitatem
351 2591 543 2626 carminum
567 2601 643 2625 cum
668 2589 888 2626 dulcedine.“

231 2665 258 2709 ⁴)
282 2664 385 2700 Hanc
400 2665 610 2699 sententiam
627 2664 789 2708 amplecti
811 2664 951 2711 videtur
968 2663 1073 2697 Orell.
1100 2663 1188 2697 haec
1204 2662 1397 2697 adnotans:
1424 2663 1485 2703 „ut
1508 2656 1639 2692 nostris

136 2727 353 2772 temporibus
378 2728 427 2762 sic
451 2727 666 2772 antiquitus,
690 2737 818 2771 magna
843 2731 918 2761 erat
942 2726 1199 2768 controversia,
1226 2728 1399 2769 quatenus
1424 2719 1540 2765 poesis
1566 2727 1644 2752 non,
1702 2772 1706 2775 Ι
1815 2772 1819 2776 ἡ
1845 2774 1848 2775 ⁷
1873 2770 1876 2773 Δ

137 2789 250 2824 solum
283 2790 464 2834 proprium
495 2795 532 2823 et
565 2799 664 2824 suum
703 2799 830 2824 munus
863 2788 1052 2832 conficere,
1082 2798 1204 2822 verum
1235 2787 1341 2820 etiam
1378 2791 1484 2817 sensu
1512 2780 1638 2831 ἠθικῷ
1659 2833 1662 2837 ⁴

135 2851 232 2886 utilis
256 2861 335 2887 esse
359 2850 505 2887 deberet
517 2853 538 2871 ‘⁴
1592 2840 1594 2843 ’
1720 2840 1723 2843 ’
1778 2839 1803 2851 Γ
1861 2839 1864 2844 ’
