<?xml version="1.0" encoding="UTF-8"?>
<!DOCTYPE html PUBLIC "-//W3C//DTD XHTML 1.0 Transitional//EN"
    "http://www.w3.org/TR/xhtml1/DTD/xhtml1-transitional.dtd">
<html xmlns="http://www.w3.org/1999/xhtml" xml:lang="en" lang="en">
 <head>
  <title>
</title>
<meta http-equiv="Content-Type" content="text/html;charset=utf-8" />
  <meta name='ocr-system' content='tesseract 3.04.00' />
  <meta name='ocr-capabilities' content='ocr_page ocr_carea ocr_par ocr_line ocrx_word'/>
</head>
<body>
  <div class='ocr_page' id='page_1' title='image "4737813_0033.png"; bbox 0 0 1880 3148; ppageno 0'>
   <div class='ocr_carea' id='block_1_1' title="bbox 876 190 929 231">
    <p class='ocr_par' dir='ltr' id='par_1_1' title="bbox 876 190 929 231">
     <span class='ocr_line' id='line_1_1' title="bbox 876 190 929 231; baseline -0.019 0"><span class='ocrx_word' id='word_1_1' title='bbox 876 190 929 231; x_wconf 87' lang='lat'><strong>22</strong></span> 
     </span>
    </p>
   </div>
   <div class='ocr_carea' id='block_1_2' title="bbox 149 314 1651 381">
    <p class='ocr_par' dir='ltr' id='par_1_2' title="bbox 149 314 1651 381">
     <span class='ocr_line' id='line_1_2' title="bbox 149 314 1651 381; baseline 0.003 -11"><span class='ocrx_word' id='word_1_2' title='bbox 149 327 287 380; x_wconf 91' lang='lat' dir='ltr'><strong>locos,</strong></span> <span class='ocrx_word' id='word_1_3' title='bbox 330 325 484 381; x_wconf 90' lang='lat' dir='ltr'><strong>quibus</strong></span> <span class='ocrx_word' id='word_1_4' title='bbox 526 324 740 368; x_wconf 81' lang='lat' dir='ltr'><strong>ablativus</strong></span> <span class='ocrx_word' id='word_1_5' title='bbox 779 323 918 367; x_wconf 85' lang='lat' dir='ltr'><strong>forma</strong></span> <span class='ocrx_word' id='word_1_6' title='bbox 953 324 1235 378; x_wconf 83' lang='lat' dir='ltr'><strong>grammatica</strong></span> <span class='ocrx_word' id='word_1_7' title='bbox 1269 326 1327 367; x_wconf 85' lang='lat' dir='ltr'><strong>sit</strong></span> <span class='ocrx_word' id='word_1_8' title='bbox 1361 314 1651 376; x_wconf 74' lang='lat' dir='ltr'><strong>confirmatus.</strong></span> 
     </span>
    </p>
   </div>
   <div class='ocr_carea' id='block_1_3' title="bbox 102 396 1843 752">
    <p class='ocr_par' dir='ltr' id='par_1_3' title="bbox 102 383 1846 752">
     <span class='ocr_line' id='line_1_3' title="bbox 151 396 1650 456; baseline 0.002 -14"><span class='ocrx_word' id='word_1_9' title='bbox 151 401 245 451; x_wconf 85' lang='lat' dir='ltr'><strong>Qua</strong></span> <span class='ocrx_word' id='word_1_10' title='bbox 275 399 558 455; x_wconf 79' lang='lat' dir='ltr'><strong>explicatione</strong></span> <span class='ocrx_word' id='word_1_11' title='bbox 587 412 673 440; x_wconf 90' lang='lat' dir='ltr'><strong>non</strong></span> <span class='ocrx_word' id='word_1_12' title='bbox 702 398 885 440; x_wconf 91' lang='lat' dir='ltr'><strong>multum</strong></span> <span class='ocrx_word' id='word_1_13' title='bbox 906 396 1138 451; x_wconf 80' lang='lat' dir='ltr'><strong>profecisse</strong></span> <span class='ocrx_word' id='word_1_14' title='bbox 1159 397 1428 453; x_wconf 82' lang='lat' dir='ltr'><strong>Ebelingium</strong></span> <span class='ocrx_word' id='word_1_15' title='bbox 1456 397 1650 456; x_wconf 83' lang='lat' dir='ltr'><strong>apparet.</strong></span> 
     </span>
     <span class='ocr_line' id='line_1_4' title="bbox 102 463 1843 539; baseline 0.002 -19"><span class='ocrx_word' id='word_1_16' title='bbox 102 522 106 527; x_wconf 68' lang='grc'><em>,</em></span> <span class='ocrx_word' id='word_1_17' title='bbox 138 478 263 520; x_wconf 82' lang='lat' dir='ltr'><strong>-Nam</strong></span> <span class='ocrx_word' id='word_1_18' title='bbox 308 482 611 532; x_wconf 80' lang='lat' dir='ltr'><strong>praeterquam</strong></span> <span class='ocrx_word' id='word_1_19' title='bbox 651 476 764 530; x_wconf 78' lang='lat' dir='ltr'><strong>qued</strong></span> <span class='ocrx_word' id='word_1_20' title='bbox 800 475 966 518; x_wconf 86' lang='lat' dir='ltr'><strong>incuria</strong></span> <span class='ocrx_word' id='word_1_21' title='bbox 1004 476 1212 530; x_wconf 86' lang='lat' dir='ltr'><strong>quadam,</strong></span> <span class='ocrx_word' id='word_1_22' title='bbox 1255 480 1303 519; x_wconf 92' lang='lat' dir='ltr'><strong>ut</strong></span> <span class='ocrx_word' id='word_1_23' title='bbox 1355 478 1542 533; x_wconf 87' lang='lat' dir='ltr'><strong>videtur,</strong></span> <span class='ocrx_word' id='word_1_24' title='bbox 1585 467 1660 524; x_wconf 85' lang='lat' dir='ltr'><strong>bis</strong></span> <span class='ocrx_word' id='word_1_25' title='bbox 1674 487 1699 527; x_wconf 62' lang='grc' dir='ltr'><strong>’,Γ</strong></span> <span class='ocrx_word' id='word_1_26' title='bbox 1719 463 1731 473; x_wconf 25' lang='lat'><strong>&#39;⁸</strong></span> <span class='ocrx_word' id='word_1_27' title='bbox 1823 490 1843 539; x_wconf 52' lang='grc' dir='ltr'><strong><em>ᾖ</em></strong></span> 
     </span>
     <span class='ocr_line' id='line_1_5' title="bbox 152 550 1653 608; baseline 0.001 -13"><span class='ocrx_word' id='word_1_28' title='bbox 152 555 349 607; x_wconf 80' lang='lat' dir='ltr'><strong>apertum</strong></span> <span class='ocrx_word' id='word_1_29' title='bbox 404 552 448 593; x_wconf 90' lang='lat' dir='ltr'><strong>in</strong></span> <span class='ocrx_word' id='word_1_30' title='bbox 501 564 685 593; x_wconf 87' lang='lat' dir='ltr'><strong>errorem</strong></span> <span class='ocrx_word' id='word_1_31' title='bbox 736 550 950 605; x_wconf 82' lang='lat' dir='ltr'><strong>incidit‚¹)</strong></span> <span class='ocrx_word' id='word_1_32' title='bbox 1010 550 1116 592; x_wconf 91' lang='lat' dir='ltr'>nihil</span> <span class='ocrx_word' id='word_1_33' title='bbox 1155 550 1376 603; x_wconf 81' lang='lat' dir='ltr'>disseruit,</span> <span class='ocrx_word' id='word_1_34' title='bbox 1418 552 1499 594; x_wconf 90' lang='lat' dir='ltr'><strong>nisi</strong></span> <span class='ocrx_word' id='word_1_35' title='bbox 1543 568 1653 608; x_wconf 86' lang='lat' dir='ltr'><strong>quae</strong></span> 
     </span>
     <span class='ocr_line' id='line_1_6' title="bbox 153 624 1774 681; baseline 0.001 -14"><span class='ocrx_word' id='word_1_36' title='bbox 153 625 384 679; x_wconf 89' lang='lat' dir='ltr'><strong>unicuique</strong></span> <span class='ocrx_word' id='word_1_37' title='bbox 415 625 460 667; x_wconf 94' lang='lat' dir='ltr'><strong>in</strong></span> <span class='ocrx_word' id='word_1_38' title='bbox 490 625 645 666; x_wconf 83' lang='lat' dir='ltr'><strong>litteris</strong></span> <span class='ocrx_word' id='word_1_39' title='bbox 676 624 841 666; x_wconf 87' lang='lat' dir='ltr'><strong>Latinis</strong></span> <span class='ocrx_word' id='word_1_40' title='bbox 861 624 1086 679; x_wconf 86' lang='lat' dir='ltr'><strong>paululum</strong></span> <span class='ocrx_word' id='word_1_41' title='bbox 1106 628 1274 666; x_wconf 83' lang='lat' dir='ltr'><strong>versato</strong></span> <span class='ocrx_word' id='word_1_42' title='bbox 1295 629 1457 678; x_wconf 76' lang='lat' dir='ltr'><strong>patent,</strong></span> <span class='ocrx_word' id='word_1_43' title='bbox 1507 626 1654 681; x_wconf 87' lang='lat' dir='ltr'><strong>Neque</strong></span> <span class='ocrx_word' id='word_1_44' title='bbox 1693 656 1695 658; x_wconf 95' lang='lat'>-</span> <span class='ocrx_word' id='word_1_45' title='bbox 1732 663 1738 671; x_wconf 90' lang='lat'>.</span> <span class='ocrx_word' id='word_1_46' title='bbox 1770 627 1774 634; x_wconf 88' lang='lat'>&#39;</span> 
     </span>
     <span class='ocr_line' id='line_1_7' title="bbox 152 697 1772 752; baseline 0.001 -12"><span class='ocrx_word' id='word_1_47' title='bbox 152 699 324 740; x_wconf 84' lang='lat' dir='ltr'><strong>Horatii</strong></span> <span class='ocrx_word' id='word_1_48' title='bbox 359 699 639 751; x_wconf 79' lang='lat' dir='ltr'><strong>interpretes,</strong></span> <span class='ocrx_word' id='word_1_49' title='bbox 687 698 759 750; x_wconf 91' lang='lat' dir='ltr'><strong>qui</strong></span> <span class='ocrx_word' id='word_1_50' title='bbox 798 697 969 750; x_wconf 89' lang='lat' dir='ltr'><strong>quidem</strong></span> <span class='ocrx_word' id='word_1_51' title='bbox 1010 698 1065 738; x_wconf 88' lang='lat' dir='ltr'><strong>ad</strong></span> <span class='ocrx_word' id='word_1_52' title='bbox 1105 712 1278 738; x_wconf 89' lang='lat' dir='ltr'><strong>manum</strong></span> <span class='ocrx_word' id='word_1_53' title='bbox 1314 698 1418 740; x_wconf 87' lang='lat' dir='ltr'><strong>mihi</strong></span> <span class='ocrx_word' id='word_1_54' title='bbox 1467 699 1653 752; x_wconf 85' lang='lat' dir='ltr'><strong>fuerunt,</strong></span> <span class='ocrx_word' id='word_1_55' title='bbox 1712 720 1716 723; x_wconf 95' lang='lat'>·</span> <span class='ocrx_word' id='word_1_56' title='bbox 1768 704 1772 707; x_wconf 80' lang='lat'>&#39;</span> 
     </span>
    </p>
   </div>
   <div class='ocr_carea' id='block_1_4' title="bbox 153 770 1659 1413">
    <p class='ocr_par' dir='ltr' id='par_1_4' title="bbox 153 770 1659 1413">
     <span class='ocr_line' id='line_1_8' title="bbox 153 770 1652 829; baseline 0.001 -15"><span class='ocrx_word' id='word_1_57' title='bbox 153 771 252 814; x_wconf 91' lang='lat' dir='ltr'><strong>huic</strong></span> <span class='ocrx_word' id='word_1_58' title='bbox 289 771 352 814; x_wconf 90' lang='lat' dir='ltr'><strong>rei</strong></span> <span class='ocrx_word' id='word_1_59' title='bbox 393 770 687 826; x_wconf 83' lang='lat' dir='ltr'><strong>explanandae</strong></span> <span class='ocrx_word' id='word_1_60' title='bbox 729 771 834 812; x_wconf 89' lang='lat' dir='ltr'><strong>satis</strong></span> <span class='ocrx_word' id='word_1_61' title='bbox 872 784 1072 825; x_wconf 82' lang='lat' dir='ltr'><strong>magnam</strong></span> <span class='ocrx_word' id='word_1_62' title='bbox 1110 773 1285 825; x_wconf 83' lang='lat' dir='ltr'><strong>operam</strong></span> <span class='ocrx_word' id='word_1_63' title='bbox 1331 776 1606 816; x_wconf 86' lang='lat' dir='ltr'><strong>navaverunt.</strong></span> <span class='ocrx_word' id='word_1_64' title='bbox 1619 772 1652 829; x_wconf 74' lang='lat'><strong>²)</strong></span> 
     </span>
     <span class='ocr_line' id='line_1_9' title="bbox 157 843 1655 898; baseline 0.001 -12"><span class='ocrx_word' id='word_1_65' title='bbox 157 845 297 895; x_wconf 83' lang='lat' dir='ltr'><strong>Quum</strong></span> <span class='ocrx_word' id='word_1_66' title='bbox 328 848 472 886; x_wconf 88' lang='lat' dir='ltr'><strong>autem</strong></span> <span class='ocrx_word' id='word_1_67' title='bbox 504 844 699 898; x_wconf 85' lang='lat' dir='ltr'><strong>plurimis</strong></span> <span class='ocrx_word' id='word_1_68' title='bbox 729 845 834 885; x_wconf 82' lang='lat' dir='ltr'><strong>locis</strong></span> <span class='ocrx_word' id='word_1_69' title='bbox 864 843 1090 886; x_wconf 90' lang='lat' dir='ltr'><strong>verborum</strong></span> <span class='ocrx_word' id='word_1_70' title='bbox 1111 844 1317 885; x_wconf 88' lang='lat' dir='ltr'><strong>miscendi</strong></span> <span class='ocrx_word' id='word_1_71' title='bbox 1339 847 1655 888; x_wconf 88' lang='lat' dir='ltr'><strong>constructione</strong></span> 
     </span>
     <span class='ocr_line' id='line_1_10' title="bbox 154 917 1656 972; baseline 0 -12"><span class='ocrx_word' id='word_1_72' title='bbox 154 931 240 960; x_wconf 91' lang='lat' dir='ltr'><strong>non</strong></span> <span class='ocrx_word' id='word_1_73' title='bbox 278 922 506 972; x_wconf 88' lang='lat' dir='ltr'><strong>perspecta</strong></span> <span class='ocrx_word' id='word_1_74' title='bbox 540 919 693 972; x_wconf 70' lang='lat' dir='ltr'><strong>poetae</strong></span> <span class='ocrx_word' id='word_1_75' title='bbox 725 918 979 959; x_wconf 88' lang='lat' dir='ltr'><strong>sententiam</strong></span> <span class='ocrx_word' id='word_1_76' title='bbox 1022 917 1261 970; x_wconf 85' lang='lat' dir='ltr'><strong>intelligere</strong></span> <span class='ocrx_word' id='word_1_77' title='bbox 1301 931 1386 959; x_wconf 92' lang='lat' dir='ltr'><strong>non</strong></span> <span class='ocrx_word' id='word_1_78' title='bbox 1429 919 1656 972; x_wconf 87' lang='lat' dir='ltr'><strong>possimus,</strong></span> 
     </span>
     <span class='ocr_line' id='line_1_11' title="bbox 155 989 1656 1047; baseline 0.001 -15"><span class='ocrx_word' id='word_1_79' title='bbox 155 1004 241 1033; x_wconf 91' lang='lat' dir='ltr'><strong>non</strong></span> <span class='ocrx_word' id='word_1_80' title='bbox 271 989 435 1043; x_wconf 90' lang='lat' dir='ltr'><strong>dubito,</strong></span> <span class='ocrx_word' id='word_1_81' title='bbox 470 991 573 1044; x_wconf 91' lang='lat' dir='ltr'><strong>quin</strong></span> <span class='ocrx_word' id='word_1_82' title='bbox 593 990 763 1033; x_wconf 78' lang='lat' dir='ltr'><strong>Horatii</strong></span> <span class='ocrx_word' id='word_1_83' title='bbox 796 991 944 1032; x_wconf 89' lang='lat' dir='ltr'><strong>amicis</strong></span> <span class='ocrx_word' id='word_1_84' title='bbox 972 993 1141 1044; x_wconf 86' lang='lat' dir='ltr'><strong>gratum</strong></span> <span class='ocrx_word' id='word_1_85' title='bbox 1172 989 1364 1032; x_wconf 85' lang='lat' dir='ltr'><strong>facturus</strong></span> <span class='ocrx_word' id='word_1_86' title='bbox 1394 990 1485 1043; x_wconf 87' lang='lat' dir='ltr'><strong>sim,</strong></span> <span class='ocrx_word' id='word_1_87' title='bbox 1517 992 1552 1033; x_wconf 89' lang='lat' dir='ltr'><strong>si</strong></span> <span class='ocrx_word' id='word_1_88' title='bbox 1577 1005 1656 1047; x_wconf 90' lang='lat' dir='ltr'><strong>pro</strong></span> 
     </span>
     <span class='ocr_line' id='line_1_12' title="bbox 154 1063 1658 1123; baseline 0.001 -17"><span class='ocrx_word' id='word_1_89' title='bbox 154 1063 317 1106; x_wconf 88' lang='lat' dir='ltr'><strong>viribus</strong></span> <span class='ocrx_word' id='word_1_90' title='bbox 346 1064 552 1118; x_wconf 84' lang='lat' dir='ltr'><strong>indagare</strong></span> <span class='ocrx_word' id='word_1_91' title='bbox 583 1068 713 1118; x_wconf 88' lang='lat' dir='ltr'><strong>atque</strong></span> <span class='ocrx_word' id='word_1_92' title='bbox 745 1065 1038 1106; x_wconf 89' lang='lat' dir='ltr'><strong>demonstrare</strong></span> <span class='ocrx_word' id='word_1_93' title='bbox 1079 1064 1295 1123; x_wconf 85' lang='lat' dir='ltr'><strong>studeam,</strong></span> <span class='ocrx_word' id='word_1_94' title='bbox 1338 1069 1481 1106; x_wconf 87' lang='lat' dir='ltr'><strong>utram</strong></span> <span class='ocrx_word' id='word_1_95' title='bbox 1511 1065 1658 1108; x_wconf 85' lang='lat' dir='ltr'><strong>verbo-</strong></span> 
     </span>
     <span class='ocr_line' id='line_1_13' title="bbox 155 1137 1657 1195; baseline 0.002 -16"><span class='ocrx_word' id='word_1_96' title='bbox 155 1151 251 1179; x_wconf 90' lang='lat' dir='ltr'><strong>rum</strong></span> <span class='ocrx_word' id='word_1_97' title='bbox 290 1137 497 1179; x_wconf 89' lang='lat' dir='ltr'><strong>miscendi</strong></span> <span class='ocrx_word' id='word_1_98' title='bbox 533 1138 892 1180; x_wconf 82' lang='lat' dir='ltr'><strong>constructionem</strong></span> <span class='ocrx_word' id='word_1_99' title='bbox 928 1140 1058 1195; x_wconf 73' lang='lat' dir='ltr'><strong>poeta</strong></span> <span class='ocrx_word' id='word_1_100' title='bbox 1098 1138 1276 1192; x_wconf 87' lang='lat' dir='ltr'><strong>singulis</strong></span> <span class='ocrx_word' id='word_1_101' title='bbox 1313 1138 1417 1180; x_wconf 89' lang='lat' dir='ltr'><strong>locis</strong></span> <span class='ocrx_word' id='word_1_102' title='bbox 1457 1152 1547 1181; x_wconf 89' lang='lat' dir='ltr'><strong>esse</strong></span> <span class='ocrx_word' id='word_1_103' title='bbox 1587 1153 1657 1182; x_wconf 82' lang='lat' dir='ltr'><strong>vo-</strong></span> 
     </span>
     <span class='ocr_line' id='line_1_14' title="bbox 156 1211 1659 1266; baseline 0.002 -14"><span class='ocrx_word' id='word_1_104' title='bbox 156 1211 298 1253; x_wconf 90' lang='lat' dir='ltr'><strong>luerit.</strong></span> <span class='ocrx_word' id='word_1_105' title='bbox 332 1211 410 1253; x_wconf 91' lang='lat' dir='ltr'><strong>Cui</strong></span> <span class='ocrx_word' id='word_1_106' title='bbox 440 1212 503 1252; x_wconf 86' lang='lat' dir='ltr'><strong>rei</strong></span> <span class='ocrx_word' id='word_1_107' title='bbox 533 1212 813 1264; x_wconf 84' lang='lat' dir='ltr'><strong>inquirendae</strong></span> <span class='ocrx_word' id='word_1_108' title='bbox 832 1217 1063 1266; x_wconf 91' lang='lat' dir='ltr'><strong>propterea</strong></span> <span class='ocrx_word' id='word_1_109' title='bbox 1091 1212 1251 1253; x_wconf 91' lang='lat' dir='ltr'><strong>multae</strong></span> <span class='ocrx_word' id='word_1_110' title='bbox 1273 1212 1531 1266; x_wconf 87' lang='lat' dir='ltr'><strong>eaedemque</strong></span> <span class='ocrx_word' id='word_1_111' title='bbox 1565 1227 1659 1266; x_wconf 85' lang='lat' dir='ltr'><strong>gra-</strong></span> 
     </span>
     <span class='ocr_line' id='line_1_15' title="bbox 157 1284 1655 1338; baseline 0.001 -12"><span class='ocrx_word' id='word_1_112' title='bbox 157 1299 230 1326; x_wconf 89' lang='lat' dir='ltr'><strong>ves</strong></span> <span class='ocrx_word' id='word_1_113' title='bbox 262 1284 541 1326; x_wconf 87' lang='lat' dir='ltr'><strong>difficultates</strong></span> <span class='ocrx_word' id='word_1_114' title='bbox 572 1286 783 1335; x_wconf 86' lang='lat' dir='ltr'><strong>existunt,</strong></span> <span class='ocrx_word' id='word_1_115' title='bbox 816 1284 930 1338; x_wconf 92' lang='lat' dir='ltr'><strong>quod</strong></span> <span class='ocrx_word' id='word_1_116' title='bbox 959 1284 1172 1326; x_wconf 91' lang='lat' dir='ltr'><strong>nonnullis</strong></span> <span class='ocrx_word' id='word_1_117' title='bbox 1202 1288 1371 1326; x_wconf 88' lang='lat' dir='ltr'><strong>tantum</strong></span> <span class='ocrx_word' id='word_1_118' title='bbox 1400 1284 1507 1327; x_wconf 92' lang='lat' dir='ltr'><strong>locis</strong></span> <span class='ocrx_word' id='word_1_119' title='bbox 1537 1285 1655 1327; x_wconf 88' lang='lat' dir='ltr'><strong>abla-</strong></span> 
     </span>
     <span class='ocr_line' id='line_1_16' title="bbox 159 1350 1658 1413; baseline 0.001 -14"><span class='ocrx_word' id='word_1_120' title='bbox 159 1359 272 1400; x_wconf 85' lang='lat' dir='ltr'><strong>tivus</strong></span> <span class='ocrx_word' id='word_1_121' title='bbox 300 1358 439 1399; x_wconf 86' lang='lat' dir='ltr'><strong>forma</strong></span> <span class='ocrx_word' id='word_1_122' title='bbox 471 1350 750 1411; x_wconf 82' lang='lat' dir='ltr'><strong>grammatica</strong></span> <span class='ocrx_word' id='word_1_123' title='bbox 781 1358 1112 1409; x_wconf 86' lang='lat' dir='ltr'><strong>demonstratur,</strong></span> <span class='ocrx_word' id='word_1_124' title='bbox 1144 1359 1298 1400; x_wconf 89' lang='lat' dir='ltr'><strong>ceteris</strong></span> <span class='ocrx_word' id='word_1_125' title='bbox 1315 1359 1371 1413; x_wconf 26' lang='lat' dir='ltr'><strong>‚in</strong></span> <span class='ocrx_word' id='word_1_126' title='bbox 1392 1358 1567 1400; x_wconf 89' lang='lat' dir='ltr'><strong>dubium</strong></span> <span class='ocrx_word' id='word_1_127' title='bbox 1587 1373 1658 1401; x_wconf 86' lang='lat' dir='ltr'><strong>vo-</strong></span> 
     </span>
    </p>
   </div>
   <div class='ocr_carea' id='block_1_5' title="bbox 160 1430 1726 1486">
    <p class='ocr_par' dir='ltr' id='par_1_5' title="bbox 160 1430 1726 1486">
     <span class='ocr_line' id='line_1_17' title="bbox 160 1430 1726 1486; baseline 0.001 -13"><span class='ocrx_word' id='word_1_128' title='bbox 160 1431 250 1473; x_wconf 89' lang='lat' dir='ltr'><strong>cari</strong></span> <span class='ocrx_word' id='word_1_129' title='bbox 293 1435 459 1486; x_wconf 87' lang='lat' dir='ltr'><strong>potest,</strong></span> <span class='ocrx_word' id='word_1_130' title='bbox 505 1435 651 1473; x_wconf 87' lang='lat' dir='ltr'><strong>utrum</strong></span> <span class='ocrx_word' id='word_1_131' title='bbox 689 1444 835 1472; x_wconf 89' lang='lat' dir='ltr'><strong>casum</strong></span> <span class='ocrx_word' id='word_1_132' title='bbox 878 1431 1083 1472; x_wconf 89' lang='lat' dir='ltr'><strong>Horatius</strong></span> <span class='ocrx_word' id='word_1_133' title='bbox 1122 1431 1189 1472; x_wconf 92' lang='lat' dir='ltr'><strong>his</strong></span> <span class='ocrx_word' id='word_1_134' title='bbox 1234 1430 1372 1473; x_wconf 88' lang='lat' dir='ltr'><strong>verbis</strong></span> <span class='ocrx_word' id='word_1_135' title='bbox 1417 1431 1657 1474; x_wconf 83' lang='lat' dir='ltr'><strong>subiecerit.</strong></span> <span class='ocrx_word' id='word_1_136' title='bbox 1695 1443 1726 1473; x_wconf 79' lang='grc'><strong>·.</strong></span> 
     </span>
    </p>
   </div>
   <div class='ocr_carea' id='block_1_6' title="bbox 149 1504 1662 1927">
    <p class='ocr_par' dir='ltr' id='par_1_6' title="bbox 149 1504 1662 1927">
     <span class='ocr_line' id='line_1_18' title="bbox 160 1504 1656 1558; baseline 0.001 -13"><span class='ocrx_word' id='word_1_137' title='bbox 160 1504 301 1554; x_wconf 84' lang='lat' dir='ltr'><strong>Quare</strong></span> <span class='ocrx_word' id='word_1_138' title='bbox 331 1504 457 1557; x_wconf 87' lang='lat' dir='ltr'><strong>longe</strong></span> <span class='ocrx_word' id='word_1_139' title='bbox 488 1505 683 1558; x_wconf 89' lang='lat' dir='ltr'><strong>plurimis</strong></span> <span class='ocrx_word' id='word_1_140' title='bbox 723 1505 828 1545; x_wconf 90' lang='lat' dir='ltr'><strong>locis</strong></span> <span class='ocrx_word' id='word_1_141' title='bbox 858 1504 914 1545; x_wconf 90' lang='lat' dir='ltr'><strong>ad</strong></span> <span class='ocrx_word' id='word_1_142' title='bbox 943 1519 1054 1556; x_wconf 82' lang='lat' dir='ltr'><strong>rem,</strong></span> <span class='ocrx_word' id='word_1_143' title='bbox 1093 1505 1145 1546; x_wconf 93' lang='lat' dir='ltr'><strong>de</strong></span> <span class='ocrx_word' id='word_1_144' title='bbox 1183 1519 1268 1558; x_wconf 88' lang='lat' dir='ltr'><strong>qua</strong></span> <span class='ocrx_word' id='word_1_145' title='bbox 1298 1506 1464 1557; x_wconf 86' lang='lat' dir='ltr'><strong>agitur,</strong></span> <span class='ocrx_word' id='word_1_146' title='bbox 1507 1505 1656 1546; x_wconf 90' lang='lat' dir='ltr'><strong>diiudi-</strong></span> 
     </span>
     <span class='ocr_line' id='line_1_19' title="bbox 161 1576 1659 1632; baseline 0.001 -14"><span class='ocrx_word' id='word_1_147' title='bbox 161 1576 343 1619; x_wconf 88' lang='lat' dir='ltr'><strong>candam</strong></span> <span class='ocrx_word' id='word_1_148' title='bbox 383 1576 438 1618; x_wconf 91' lang='lat' dir='ltr'><strong>ad</strong></span> <span class='ocrx_word' id='word_1_149' title='bbox 477 1578 732 1619; x_wconf 89' lang='lat' dir='ltr'><strong>sententiam</strong></span> <span class='ocrx_word' id='word_1_150' title='bbox 771 1577 1048 1620; x_wconf 89' lang='lat' dir='ltr'><strong>decurramus</strong></span> <span class='ocrx_word' id='word_1_151' title='bbox 1084 1592 1256 1620; x_wconf 88' lang='lat' dir='ltr'><strong>necesse</strong></span> <span class='ocrx_word' id='word_1_152' title='bbox 1294 1581 1371 1620; x_wconf 90' lang='lat' dir='ltr'><strong>est.</strong></span> <span class='ocrx_word' id='word_1_153' title='bbox 1433 1578 1574 1632; x_wconf 89' lang='lat' dir='ltr'><strong>Atque</strong></span> <span class='ocrx_word' id='word_1_154' title='bbox 1610 1581 1659 1619; x_wconf 91' lang='lat' dir='ltr'><strong>ut</strong></span> 
     </span>
     <span class='ocr_line' id='line_1_20' title="bbox 163 1651 1661 1706; baseline 0 -14"><span class='ocrx_word' id='word_1_155' title='bbox 163 1651 292 1693; x_wconf 87' lang='lat' dir='ltr'><strong>certis</strong></span> <span class='ocrx_word' id='word_1_156' title='bbox 312 1651 551 1693; x_wconf 86' lang='lat' dir='ltr'><strong>rationibus</strong></span> <span class='ocrx_word' id='word_1_157' title='bbox 571 1651 775 1693; x_wconf 89' lang='lat' dir='ltr'><strong>iudicium</strong></span> <span class='ocrx_word' id='word_1_158' title='bbox 796 1656 990 1693; x_wconf 87' lang='lat' dir='ltr'><strong>nostrum</strong></span> <span class='ocrx_word' id='word_1_159' title='bbox 1008 1652 1184 1703; x_wconf 84' lang='lat' dir='ltr'><strong>nitatur,</strong></span> <span class='ocrx_word' id='word_1_160' title='bbox 1207 1651 1434 1706; x_wconf 87' lang='lat' dir='ltr'><strong>diligenter</strong></span> <span class='ocrx_word' id='word_1_161' title='bbox 1456 1665 1661 1706; x_wconf 86' lang='lat' dir='ltr'><strong>quaeren—</strong></span> 
     </span>
     <span class='ocr_line' id='line_1_21' title="bbox 163 1724 1662 1780; baseline 0 -14"><span class='ocrx_word' id='word_1_162' title='bbox 163 1724 266 1767; x_wconf 90' lang='lat' dir='ltr'><strong>dum</strong></span> <span class='ocrx_word' id='word_1_163' title='bbox 288 1728 331 1767; x_wconf 92' lang='lat' dir='ltr'><strong>et</strong></span> <span class='ocrx_word' id='word_1_164' title='bbox 352 1725 569 1779; x_wconf 88' lang='lat' dir='ltr'><strong>exemplis,</strong></span> <span class='ocrx_word' id='word_1_165' title='bbox 602 1739 711 1779; x_wconf 87' lang='lat' dir='ltr'><strong>quae</strong></span> <span class='ocrx_word' id='word_1_166' title='bbox 739 1726 832 1780; x_wconf 90' lang='lat' dir='ltr'><strong>ipsa</strong></span> <span class='ocrx_word' id='word_1_167' title='bbox 859 1728 1011 1780; x_wconf 74' lang='lat' dir='ltr'><strong>poetae</strong></span> <span class='ocrx_word' id='word_1_168' title='bbox 1046 1726 1208 1780; x_wconf 86' lang='lat' dir='ltr'><strong>scripta</strong></span> <span class='ocrx_word' id='word_1_169' title='bbox 1238 1725 1459 1780; x_wconf 77' lang='lat' dir='ltr'><strong>praebent,</strong></span> <span class='ocrx_word' id='word_1_170' title='bbox 1491 1725 1662 1768; x_wconf 91' lang='lat' dir='ltr'><strong>demon-</strong></span> 
     </span>
     <span class='ocr_line' id='line_1_22' title="bbox 160 1798 1658 1853; baseline 0 -13"><span class='ocrx_word' id='word_1_171' title='bbox 160 1798 385 1840; x_wconf 90' lang='lat' dir='ltr'><strong>strandum</strong></span> <span class='ocrx_word' id='word_1_172' title='bbox 417 1812 507 1840; x_wconf 87' lang='lat' dir='ltr'><strong>esse</strong></span> <span class='ocrx_word' id='word_1_173' title='bbox 537 1801 750 1853; x_wconf 82' lang='lat' dir='ltr'><strong>putamus,</strong></span> <span class='ocrx_word' id='word_1_174' title='bbox 783 1799 885 1852; x_wconf 92' lang='lat' dir='ltr'><strong>quid</strong></span> <span class='ocrx_word' id='word_1_175' title='bbox 915 1799 994 1840; x_wconf 88' lang='lat' dir='ltr'><strong>sibi</strong></span> <span class='ocrx_word' id='word_1_176' title='bbox 1026 1800 1130 1840; x_wconf 89' lang='lat' dir='ltr'><strong>velit</strong></span> <span class='ocrx_word' id='word_1_177' title='bbox 1161 1804 1204 1841; x_wconf 87' lang='lat' dir='ltr'><strong>et</strong></span> <span class='ocrx_word' id='word_1_178' title='bbox 1234 1800 1438 1852; x_wconf 84' lang='lat' dir='ltr'><strong>„miscere</strong></span> <span class='ocrx_word' id='word_1_179' title='bbox 1469 1799 1658 1853; x_wconf 90' lang='lat' dir='ltr'><strong>aliquam</strong></span> 
     </span>
     <span class='ocr_line' id='line_1_23' title="bbox 149 1871 1473 1927; baseline -0.001 -12"><span class='ocrx_word' id='word_1_180' title='bbox 149 1885 250 1915; x_wconf 88' lang='lat' dir='ltr'><strong>-rem</strong></span> <span class='ocrx_word' id='word_1_181' title='bbox 280 1871 428 1925; x_wconf 88' lang='lat' dir='ltr'><strong>aliqua</strong></span> <span class='ocrx_word' id='word_1_182' title='bbox 457 1876 530 1914; x_wconf 86' lang='lat' dir='ltr'><strong>re“</strong></span> <span class='ocrx_word' id='word_1_183' title='bbox 563 1876 606 1913; x_wconf 89' lang='lat' dir='ltr'><strong>et</strong></span> <span class='ocrx_word' id='word_1_184' title='bbox 638 1873 840 1924; x_wconf 85' lang='lat' dir='ltr'><strong>„miscere</strong></span> <span class='ocrx_word' id='word_1_185' title='bbox 871 1873 1059 1927; x_wconf 87' lang='lat' dir='ltr'><strong>aliquam</strong></span> <span class='ocrx_word' id='word_1_186' title='bbox 1090 1887 1177 1914; x_wconf 90' lang='lat' dir='ltr'><strong>rem</strong></span> <span class='ocrx_word' id='word_1_187' title='bbox 1210 1873 1339 1915; x_wconf 89' lang='lat' dir='ltr'><strong>alicui</strong></span> <span class='ocrx_word' id='word_1_188' title='bbox 1369 1873 1473 1916; x_wconf 86' lang='lat' dir='ltr'><strong>rei“.</strong></span> 
     </span>
    </p>
   </div>
   <div class='ocr_carea' id='block_1_7' title="bbox 857 2057 963 2111">
    <p class='ocr_par' dir='ltr' id='par_1_7' title="bbox 857 2057 963 2111">
     <span class='ocr_line' id='line_1_24' title="bbox 857 2057 963 2111; baseline -0.019 -13"><span class='ocrx_word' id='word_1_189' title='bbox 857 2057 893 2111; x_wconf 63' lang='lat' dir='ltr'><strong>g.</strong></span> <span class='ocrx_word' id='word_1_190' title='bbox 930 2060 963 2096; x_wconf 85' lang='lat'><strong>1.</strong></span> 
     </span>
    </p>
   </div>
   <div class='ocr_carea' id='block_1_8' title="bbox 1427 0 1880 309">
    <p class='ocr_par' dir='ltr' id='par_1_8' title="bbox 1427 0 1880 309">
     <span class='ocr_line' id='line_1_25' title="bbox 1427 0 1880 309; baseline 0 2839"><span class='ocrx_word' id='word_1_191' title='bbox 1427 0 1880 309; x_wconf 95' lang='lat' dir='ltr'><strong> </strong></span> 
     </span>
    </p>
   </div>
   <div class='ocr_carea' id='block_1_9' title="bbox 297 2150 1880 2223">
    <p class='ocr_par' dir='ltr' id='par_1_9' title="bbox 297 2150 1880 2223">
     <span class='ocr_line' id='line_1_26' title="bbox 297 2150 1880 2223; baseline -0.001 -13"><span class='ocrx_word' id='word_1_192' title='bbox 297 2168 542 2211; x_wconf 90' lang='lat' dir='ltr'><strong>Ablativum</strong></span> <span class='ocrx_word' id='word_1_193' title='bbox 584 2170 715 2222; x_wconf 86' lang='lat' dir='ltr'><strong>igitur</strong></span> <span class='ocrx_word' id='word_1_194' title='bbox 752 2169 889 2211; x_wconf 89' lang='lat' dir='ltr'><strong>forma</strong></span> <span class='ocrx_word' id='word_1_195' title='bbox 927 2169 1209 2223; x_wconf 82' lang='lat' dir='ltr'><strong>grammatica</strong></span> <span class='ocrx_word' id='word_1_196' title='bbox 1246 2168 1490 2211; x_wconf 89' lang='lat' dir='ltr'><strong>confirmari</strong></span> <span class='ocrx_word' id='word_1_197' title='bbox 1535 2168 1661 2209; x_wconf 86' lang='lat' dir='ltr'><strong>docet</strong></span> <span class='ocrx_word' id='word_1_198' title='bbox 1722 2215 1728 2218; x_wconf 37' lang='grc'><strong><em>,</em></strong></span> <span class='ocrx_word' id='word_1_199' title='bbox 1777 2162 1781 2166; x_wconf 50' lang='lat'><strong><em>‘</em></strong></span> <span class='ocrx_word' id='word_1_200' title='bbox 1829 2160 1832 2162; x_wconf 60' lang='grc'><strong>’</strong></span> <span class='ocrx_word' id='word_1_201' title='bbox 1876 2150 1880 2154; x_wconf 38' lang='lat'>⁵</span> 
     </span>
    </p>
   </div>
   <div class='ocr_carea' id='block_1_10' title="bbox 156 2240 1659 2297">
    <p class='ocr_par' dir='ltr' id='par_1_10' title="bbox 156 2240 1659 2297">
     <span class='ocr_line' id='line_1_27' title="bbox 156 2240 1659 2297; baseline -0.002 -12"><span class='ocrx_word' id='word_1_202' title='bbox 156 2242 408 2296; x_wconf 84' lang='lat' dir='ltr'><strong>Ebelingius</strong></span> <span class='ocrx_word' id='word_1_203' title='bbox 439 2247 482 2284; x_wconf 89' lang='lat' dir='ltr'><strong>et</strong></span> <span class='ocrx_word' id='word_1_204' title='bbox 511 2242 555 2284; x_wconf 91' lang='lat' dir='ltr'><strong>in</strong></span> <span class='ocrx_word' id='word_1_205' title='bbox 586 2246 666 2284; x_wconf 87' lang='lat' dir='ltr'><strong>sat.</strong></span> <span class='ocrx_word' id='word_1_206' title='bbox 698 2242 761 2294; x_wconf 83' lang='grc' dir='ltr'><strong>ΙΙ,</strong></span> <span class='ocrx_word' id='word_1_207' title='bbox 802 2247 847 2296; x_wconf 88' lang='lat'><strong>4,</strong></span> <span class='ocrx_word' id='word_1_208' title='bbox 890 2246 940 2284; x_wconf 87' lang='grc'><strong>55</strong></span> <span class='ocrx_word' id='word_1_209' title='bbox 985 2256 1066 2297; x_wconf 88' lang='lat' dir='ltr'><strong>sq.:</strong></span> <span class='ocrx_word' id='word_1_210' title='bbox 1127 2243 1408 2294; x_wconf 85' lang='lat' dir='ltr'><strong>„Surrentina</strong></span> <span class='ocrx_word' id='word_1_211' title='bbox 1438 2241 1556 2284; x_wconf 87' lang='lat' dir='ltr'><strong>vafer</strong></span> <span class='ocrx_word' id='word_1_212' title='bbox 1586 2240 1659 2294; x_wconf 86' lang='lat' dir='ltr'><strong>qui</strong></span> 
     </span>
    </p>
   </div>
   <div class='ocr_carea' id='block_1_11' title="bbox 156 2314 1686 2445">
    <p class='ocr_par' dir='ltr' id='par_1_11' title="bbox 156 2314 1686 2445">
     <span class='ocr_line' id='line_1_28' title="bbox 156 2314 1679 2377; baseline -0.003 -18"><span class='ocrx_word' id='word_1_213' title='bbox 156 2318 310 2377; x_wconf 88' lang='lat' dir='ltr'><strong>miscet</strong></span> <span class='ocrx_word' id='word_1_214' title='bbox 350 2315 468 2359; x_wconf 87' lang='lat' dir='ltr'><strong>faece</strong></span> <span class='ocrx_word' id='word_1_215' title='bbox 509 2316 693 2358; x_wconf 88' lang='lat' dir='ltr'><strong>Falerna</strong></span> <span class='ocrx_word' id='word_1_216' title='bbox 739 2318 836 2360; x_wconf 91' lang='lat' dir='ltr'><strong>vina</strong></span> <span class='ocrx_word' id='word_1_217' title='bbox 868 2350 876 2359; x_wconf 90' lang='lat'><strong>.</strong></span> <span class='ocrx_word' id='word_1_218' title='bbox 910 2350 918 2358; x_wconf 93' lang='lat'><strong>.</strong></span> <span class='ocrx_word' id='word_1_219' title='bbox 953 2350 960 2358; x_wconf 91' lang='lat'><strong>.</strong></span> <span class='ocrx_word' id='word_1_220' title='bbox 995 2322 1043 2359; x_wconf 87' lang='lat'><strong>.“</strong></span> <span class='ocrx_word' id='word_1_221' title='bbox 1088 2322 1131 2360; x_wconf 94' lang='lat' dir='ltr'><strong>et</strong></span> <span class='ocrx_word' id='word_1_222' title='bbox 1173 2318 1216 2359; x_wconf 91' lang='lat' dir='ltr'><strong>in</strong></span> <span class='ocrx_word' id='word_1_223' title='bbox 1263 2317 1451 2359; x_wconf 90' lang='lat' dir='ltr'><strong>eiusdem</strong></span> <span class='ocrx_word' id='word_1_224' title='bbox 1500 2314 1679 2356; x_wconf 85' lang='lat' dir='ltr'><strong>satirae.</strong></span> 
     </span>
     <span class='ocr_line' id='line_1_29' title="bbox 156 2387 1686 2445; baseline -0.003 -13"><span class='ocrx_word' id='word_1_225' title='bbox 156 2406 194 2435; x_wconf 81' lang='lat' dir='ltr'><strong>v.</strong></span> <span class='ocrx_word' id='word_1_226' title='bbox 228 2393 283 2433; x_wconf 84' lang='lat'><strong>64</strong></span> <span class='ocrx_word' id='word_1_227' title='bbox 313 2404 398 2445; x_wconf 85' lang='lat' dir='ltr'><strong>sq.:</strong></span> <span class='ocrx_word' id='word_1_228' title='bbox 432 2423 475 2443; x_wconf 88' lang='lat'><strong>‚,.</strong></span> <span class='ocrx_word' id='word_1_229' title='bbox 511 2422 518 2431; x_wconf 92' lang='lat'>.</span> <span class='ocrx_word' id='word_1_230' title='bbox 552 2423 562 2433; x_wconf 78' lang='grc'><strong>.</strong></span> <span class='ocrx_word' id='word_1_231' title='bbox 593 2391 772 2445; x_wconf 87' lang='lat' dir='ltr'><strong>simplex</strong></span> <span class='ocrx_word' id='word_1_232' title='bbox 801 2405 823 2432; x_wconf 89' lang='lat' dir='ltr'><strong>e</strong></span> <span class='ocrx_word' id='word_1_233' title='bbox 855 2390 970 2433; x_wconf 90' lang='lat' dir='ltr'><strong>dulci</strong></span> <span class='ocrx_word' id='word_1_234' title='bbox 1000 2394 1168 2433; x_wconf 89' lang='lat' dir='ltr'><strong>constat</strong></span> <span class='ocrx_word' id='word_1_235' title='bbox 1198 2391 1328 2442; x_wconf 90' lang='lat' dir='ltr'><strong>olivo,</strong></span> <span class='ocrx_word' id='word_1_236' title='bbox 1367 2389 1481 2445; x_wconf 91' lang='lat' dir='ltr'><strong>quod</strong></span> <span class='ocrx_word' id='word_1_237' title='bbox 1510 2387 1686 2443; x_wconf 12' lang='lat' dir='ltr'><strong>pinguis</strong></span> 
     </span>
    </p>
   </div>
   <div class='ocr_carea' id='block_1_12' title="bbox 156 2508 311 2513">
    <p class='ocr_par' dir='ltr' id='par_1_12' title="bbox 156 2508 311 2513">
     <span class='ocr_line' id='line_1_30' title="bbox 156 2508 311 2513; baseline 0 0"><span class='ocrx_word' id='word_1_238' title='bbox 156 2508 311 2513; x_wconf 95' lang='lat' dir='ltr'><strong> </strong></span> 
     </span>
    </p>
   </div>
   <div class='ocr_carea' id='block_1_13' title="bbox 153 2568 1723 2679">
    <p class='ocr_par' dir='ltr' id='par_1_13' title="bbox 153 2568 1723 2679">
     <span class='ocr_line' id='line_1_31' title="bbox 251 2568 1694 2616; baseline -0.004 -9"><span class='ocrx_word' id='word_1_239' title='bbox 251 2573 278 2614; x_wconf 89' lang='lat'><strong>¹)</strong></span> <span class='ocrx_word' id='word_1_240' title='bbox 302 2573 344 2607; x_wconf 94' lang='lat' dir='ltr'><strong>In</strong></span> <span class='ocrx_word' id='word_1_241' title='bbox 373 2581 494 2606; x_wconf 86' lang='lat' dir='ltr'><strong>errore</strong></span> <span class='ocrx_word' id='word_1_242' title='bbox 528 2575 598 2614; x_wconf 89' lang='lat' dir='ltr'><strong>est,</strong></span> <span class='ocrx_word' id='word_1_243' title='bbox 632 2583 735 2616; x_wconf 88' lang='lat' dir='ltr'><strong>quum</strong></span> <span class='ocrx_word' id='word_1_244' title='bbox 760 2572 868 2616; x_wconf 92' lang='lat' dir='ltr'><strong>epod,</strong></span> <span class='ocrx_word' id='word_1_245' title='bbox 899 2572 930 2616; x_wconf 83' lang='lat'><strong>9,</strong></span> <span class='ocrx_word' id='word_1_246' title='bbox 954 2573 976 2606; x_wconf 85' lang='lat'>5</span> <span class='ocrx_word' id='word_1_247' title='bbox 1007 2576 1043 2606; x_wconf 90' lang='lat' dir='ltr'><strong>et</strong></span> <span class='ocrx_word' id='word_1_248' title='bbox 1070 2577 1135 2606; x_wconf 85' lang='lat' dir='ltr'><strong>sat.</strong></span> <span class='ocrx_word' id='word_1_249' title='bbox 1168 2573 1212 2614; x_wconf 89' lang='lat'><strong>11,</strong></span> <span class='ocrx_word' id='word_1_250' title='bbox 1242 2573 1273 2615; x_wconf 87' lang='grc'><strong>8,</strong></span> <span class='ocrx_word' id='word_1_251' title='bbox 1306 2571 1350 2605; x_wconf 90' lang='grc'><strong>45</strong></span> <span class='ocrx_word' id='word_1_252' title='bbox 1382 2581 1454 2605; x_wconf 84' lang='grc'><strong>11011</strong></span> <span class='ocrx_word' id='word_1_253' title='bbox 1477 2569 1514 2604; x_wconf 92' lang='lat' dir='ltr'><strong>in</strong></span> <span class='ocrx_word' id='word_1_254' title='bbox 1538 2568 1658 2605; x_wconf 80' lang='lat' dir='ltr'><strong>eorum</strong></span> <span class='ocrx_word' id='word_1_255' title='bbox 1692 2610 1694 2612; x_wconf 12' lang='lat' dir='ltr'><em>r</em></span> 
     </span>
     <span class='ocr_line' id='line_1_32' title="bbox 153 2629 1723 2679; baseline -0.004 -10"><span class='ocrx_word' id='word_1_256' title='bbox 153 2633 311 2669; x_wconf 85' lang='lat' dir='ltr'><strong>locorum</strong></span> <span class='ocrx_word' id='word_1_257' title='bbox 338 2643 522 2669; x_wconf 87' lang='lat' dir='ltr'><strong>numerum</strong></span> <span class='ocrx_word' id='word_1_258' title='bbox 545 2634 721 2677; x_wconf 83' lang='lat' dir='ltr'><strong>retulerit,</strong></span> <span class='ocrx_word' id='word_1_259' title='bbox 756 2634 882 2679; x_wconf 88' lang='lat' dir='ltr'><strong>quibus</strong></span> <span class='ocrx_word' id='word_1_260' title='bbox 910 2634 1102 2670; x_wconf 85' lang='lat' dir='ltr'><strong>ablativum</strong></span> <span class='ocrx_word' id='word_1_261' title='bbox 1133 2634 1246 2669; x_wconf 80' lang='lat' dir='ltr'><strong>forma</strong></span> <span class='ocrx_word' id='word_1_262' title='bbox 1278 2642 1425 2678; x_wconf 77' lang='lat' dir='ltr'><strong>gramm.</strong></span> <span class='ocrx_word' id='word_1_263' title='bbox 1455 2629 1660 2675; x_wconf 74' lang='lat' dir='ltr'><strong>comprobat</strong></span> <span class='ocrx_word' id='word_1_264' title='bbox 1721 2633 1723 2635; x_wconf 84' lang='grc'><em>“</em></span> 
     </span>
    </p>
   </div>
   <div class='ocr_carea' id='block_1_14' title="bbox 154 2695 477 2741">
    <p class='ocr_par' dir='ltr' id='par_1_14' title="bbox 154 2695 477 2741">
     <span class='ocr_line' id='line_1_33' title="bbox 154 2695 477 2741; baseline 0 -11"><span class='ocrx_word' id='word_1_265' title='bbox 154 2696 238 2731; x_wconf 81' lang='lat' dir='ltr'><strong>vide</strong></span> <span class='ocrx_word' id='word_1_266' title='bbox 261 2701 296 2740; x_wconf 62' lang='grc' dir='ltr'><strong>ς.</strong></span> <span class='ocrx_word' id='word_1_267' title='bbox 321 2700 338 2731; x_wconf 94' lang='grc'><strong>1</strong></span> <span class='ocrx_word' id='word_1_268' title='bbox 364 2708 399 2741; x_wconf 86' lang='lat' dir='ltr'><strong>p.</strong></span> <span class='ocrx_word' id='word_1_269' title='bbox 423 2695 477 2731; x_wconf 78' lang='lat'><strong>23.</strong></span> 
     </span>
    </p>
   </div>
   <div class='ocr_carea' id='block_1_15' title="bbox 152 2763 1658 2891">
    <p class='ocr_par' dir='ltr' id='par_1_15' title="bbox 152 2763 1658 2891">
     <span class='ocr_line' id='line_1_34' title="bbox 247 2763 1658 2815; baseline -0.006 -9"><span class='ocrx_word' id='word_1_270' title='bbox 247 2772 275 2815; x_wconf 78' lang='lat'><strong>²)</strong></span> <span class='ocrx_word' id='word_1_271' title='bbox 299 2770 424 2806; x_wconf 81' lang='lat' dir='ltr'><strong>Laudo</strong></span> <span class='ocrx_word' id='word_1_272' title='bbox 448 2774 566 2805; x_wconf 84' lang='lat' dir='ltr'><strong>tamen</strong></span> <span class='ocrx_word' id='word_1_273' title='bbox 590 2770 788 2805; x_wconf 85' lang='lat' dir='ltr'><strong>Nauckium</strong></span> <span class='ocrx_word' id='word_1_274' title='bbox 814 2771 892 2813; x_wconf 78' lang='lat' dir='ltr'><strong>(des</strong></span> <span class='ocrx_word' id='word_1_275' title='bbox 917 2772 982 2815; x_wconf 72' lang='lat' dir='ltr'><strong>Qu.</strong></span> <span class='ocrx_word' id='word_1_276' title='bbox 1007 2771 1091 2805; x_wconf 85' lang='lat' dir='ltr'><strong>Hor.</strong></span> <span class='ocrx_word' id='word_1_277' title='bbox 1119 2770 1235 2805; x_wconf 86' lang='lat' dir='ltr'><strong>Flacc.</strong></span> <span class='ocrx_word' id='word_1_278' title='bbox 1273 2769 1373 2805; x_wconf 88' lang='lat' dir='ltr'><strong>Oden</strong></span> <span class='ocrx_word' id='word_1_279' title='bbox 1399 2766 1471 2803; x_wconf 86' lang='lat' dir='ltr'><strong>und</strong></span> <span class='ocrx_word' id='word_1_280' title='bbox 1495 2763 1658 2809; x_wconf 79' lang='lat' dir='ltr'><strong>Epoden.</strong></span> 
     </span>
     <span class='ocr_line' id='line_1_35' title="bbox 152 2827 1574 2891; baseline -0.004 -22"><span class='ocrx_word' id='word_1_281' title='bbox 152 2835 186 2871; x_wconf 80' lang='lat'><strong>6.</strong></span> <span class='ocrx_word' id='word_1_282' title='bbox 209 2834 305 2870; x_wconf 81' lang='lat' dir='ltr'><strong>Aufl.</strong></span> <span class='ocrx_word' id='word_1_283' title='bbox 333 2833 449 2878; x_wconf 82' lang='lat' dir='ltr'><strong>Leipz.</strong></span> <span class='ocrx_word' id='word_1_284' title='bbox 481 2832 582 2876; x_wconf 87' lang='grc'><strong>1868)</strong></span> <span class='ocrx_word' id='word_1_285' title='bbox 608 2835 668 2878; x_wconf 87' lang='lat' dir='ltr'><strong>qui</strong></span> <span class='ocrx_word' id='word_1_286' title='bbox 692 2834 736 2868; x_wconf 87' lang='lat' dir='ltr'><strong>de</strong></span> <span class='ocrx_word' id='word_1_287' title='bbox 759 2835 920 2879; x_wconf 89' lang='lat' dir='ltr'><strong>pluribus</strong></span> <span class='ocrx_word' id='word_1_288' title='bbox 945 2835 1136 2870; x_wconf 80' lang='lat' dir='ltr'><strong>carminum</strong></span> <span class='ocrx_word' id='word_1_289' title='bbox 1161 2834 1248 2869; x_wconf 87' lang='lat' dir='ltr'><strong>locis</strong></span> <span class='ocrx_word' id='word_1_290' title='bbox 1273 2835 1368 2867; x_wconf 79' lang='lat' dir='ltr'><strong>recte</strong></span> <span class='ocrx_word' id='word_1_291' title='bbox 1396 2827 1574 2891; x_wconf 78' lang='lat' dir='ltr'><strong>iudicavit.</strong></span> 
     </span>
    </p>
   </div>
   <div class='ocr_carea' id='block_1_16' title="bbox 1708 2950 1880 3148">
    <p class='ocr_par' dir='ltr' id='par_1_16' title="bbox 1708 2950 1880 3148">
     <span class='ocr_line' id='line_1_36' title="bbox 1708 2950 1880 3148; baseline 0 0"><span class='ocrx_word' id='word_1_292' title='bbox 1708 2950 1880 3148; x_wconf 95' lang='lat' dir='ltr'><strong> </strong></span> 
     </span>
    </p>
   </div>
  </div>
 </body>
</html>
